[{"id": 2193110180, "side": "BUY", "price": 5294438.0, "size": 0.02, "exec_date": "2021-03-05T03:49:10.0770691Z", "buy_child_order_acceptance_id": "JRF20210305-034910-246148", "sell_child_order_acceptance_id": "JRF20210305-034908-087695"}]
[{"id": 2193110181, "side": "SELL", "price": 5293737.0, "size": 0.02, "exec_date": "2021-03-05T03:49:10.5802187Z", "buy_child_order_acceptance_id": "JRF20210305-034910-166776", "sell_child_order_acceptance_id": "JRF20210305-034910-094840"}]
[{"id": 2193110182, "side": "BUY", "price": 5293691.0, "size": 0.01, "exec_date": "2021-03-05T03:49:10.6270899Z", "buy_child_order_acceptance_id": "JRF20210305-034910-103145", "sell_child_order_acceptance_id": "JRF20210305-034910-092576"}]
[{"id": 2193110183, "side": "SELL", "price": 5293318.0, "size": 0.01, "exec_date": "2021-03-05T03:49:11.4712697Z", "buy_child_order_acceptance_id": "JRF20210305-034910-187814", "sell_child_order_acceptance_id": "JRF20210305-034911-148992"}, {"id": 2193110184, "side": "SELL", "price": 5293267.0, "size": 0.01, "exec_date": "2021-03-05T03:49:11.4712697Z", "buy_child_order_acceptance_id": "JRF20210305-034910-034064", "sell_child_order_acceptance_id": "JRF20210305-034911-148992"}, {"id": 2193110185, "side": "SELL", "price": 5293267.0, "size": 0.02, "exec_date": "2021-03-05T03:49:11.4712697Z", "buy_child_order_acceptance_id": "JRF20210305-034910-107528", "sell_child_order_acceptance_id": "JRF20210305-034911-148992"}, {"id": 2193110186, "side": "SELL", "price": 5293257.0, "size": 0.02, "exec_date": "2021-03-05T03:49:11.4712697Z", "buy_child_order_acceptance_id": "JRF20210305-034909-160801", "sell_child_order_acceptance_id": "JRF20210305-034911-148992"}, {"id": 2193110187, "side": "SELL", "price": 5293257.0, "size": 0.02, "exec_date": "2021-03-05T03:49:11.4712697Z", "buy_child_order_acceptance_id": "JRF20210305-034909-160801", "sell_child_order_acceptance_id": "JRF20210305-034911-134873"}, {"id": 2193110188, "side": "SELL", "price": 5293257.0, "size": 0.01, "exec_date": "2021-03-05T03:49:11.4712697Z", "buy_child_order_acceptance_id": "JRF20210305-034909-160801", "sell_child_order_acceptance_id": "JRF20210305-034911-129741"}]
[{"id": 2193110189, "side": "SELL", "price": 5293207.0, "size": 0.02, "exec_date": "2021-03-05T03:49:11.6431377Z", "buy_child_order_acceptance_id": "JRF20210305-034908-079155", "sell_child_order_acceptance_id": "JRF20210305-034911-074430"}, {"id": 2193110190, "side": "SELL", "price": 5293207.0, "size": 0.03, "exec_date": "2021-03-05T03:49:11.6587621Z", "buy_child_order_acceptance_id": "JRF20210305-034908-079155", "sell_child_order_acceptance_id": "JRF20210305-034911-137191"}]
[{"id": 2193110191, "side": "SELL", "price": 5293157.0, "size": 0.02, "exec_date": "2021-03-05T03:49:11.6587621Z", "buy_child_order_acceptance_id": "JRF20210305-034907-178424", "sell_child_order_acceptance_id": "JRF20210305-034911-138678"}, {"id": 2193110192, "side": "SELL", "price": 5293157.0, "size": 0.02, "exec_date": "2021-03-05T03:49:11.6743943Z", "buy_child_order_acceptance_id": "JRF20210305-034907-178424", "sell_child_order_acceptance_id": "JRF20210305-034911-012305"}, {"id": 2193110193, "side": "SELL", "price": 5293157.0, "size": 0.01, "exec_date": "2021-03-05T03:49:11.6743943Z", "buy_child_order_acceptance_id": "JRF20210305-034907-178424", "sell_child_order_acceptance_id": "JRF20210305-034911-135136"}]
[{"id": 2193110194, "side": "BUY", "price": 5292965.0, "size": 0.01, "exec_date": "2021-03-05T03:49:12.2987739Z", "buy_child_order_acceptance_id": "JRF20210305-034912-146026", "sell_child_order_acceptance_id": "JRF20210305-034911-082475"}, {"id": 2193110195, "side": "BUY", "price": 5293010.0, "size": 0.03, "exec_date": "2021-03-05T03:49:12.2987739Z", "buy_child_order_acceptance_id": "JRF20210305-034912-146026", "sell_child_order_acceptance_id": "JRF20210305-034911-094848"}, {"id": 2193110196, "side": "BUY", "price": 5293038.0, "size": 0.01, "exec_date": "2021-03-05T03:49:12.2997727Z", "buy_child_order_acceptance_id": "JRF20210305-034912-146026", "sell_child_order_acceptance_id": "JRF20210305-034911-034067"}]
[{"id": 2193110197, "side": "SELL", "price": 5292570.0, "size": 0.01, "exec_date": "2021-03-05T03:49:12.3284438Z", "buy_child_order_acceptance_id": "JRF20210305-034910-061274", "sell_child_order_acceptance_id": "JRF20210305-034912-157961"}, {"id": 2193110198, "side": "SELL", "price": 5292569.0, "size": 0.01, "exec_date": "2021-03-05T03:49:12.3284438Z", "buy_child_order_acceptance_id": "JRF20210305-034908-073953", "sell_child_order_acceptance_id": "JRF20210305-034912-157961"}, {"id": 2193110199, "side": "SELL", "price": 5292569.0, "size": 0.02, "exec_date": "2021-03-05T03:49:12.3284438Z", "buy_child_order_acceptance_id": "JRF20210305-034908-073953", "sell_child_order_acceptance_id": "JRF20210305-034912-157962"}]
[{"id": 2193110200, "side": "SELL", "price": 5292569.0, "size": 0.02, "exec_date": "2021-03-05T03:49:12.3753176Z", "buy_child_order_acceptance_id": "JRF20210305-034908-073953", "sell_child_order_acceptance_id": "JRF20210305-034912-148997"}, {"id": 2193110201, "side": "SELL", "price": 5292569.0, "size": 0.02, "exec_date": "2021-03-05T03:49:12.3909441Z", "buy_child_order_acceptance_id": "JRF20210305-034908-073953", "sell_child_order_acceptance_id": "JRF20210305-034912-134878"}]
[{"id": 2193110202, "side": "SELL", "price": 5292569.0, "size": 0.01, "exec_date": "2021-03-05T03:49:12.4846919Z", "buy_child_order_acceptance_id": "JRF20210305-034908-073953", "sell_child_order_acceptance_id": "JRF20210305-034912-135142"}]
[{"id": 2193110203, "side": "BUY", "price": 5293049.0, "size": 0.02, "exec_date": "2021-03-05T03:49:12.5628138Z", "buy_child_order_acceptance_id": "JRF20210305-034912-094850", "sell_child_order_acceptance_id": "JRF20210305-034911-130626"}, {"id": 2193110204, "side": "BUY", "price": 5293468.0, "size": 0.01, "exec_date": "2021-03-05T03:49:12.5628138Z", "buy_child_order_acceptance_id": "JRF20210305-034912-094850", "sell_child_order_acceptance_id": "JRF20210305-034911-103150"}, {"id": 2193110205, "side": "BUY", "price": 5293468.0, "size": 0.04, "exec_date": "2021-03-05T03:49:12.5784368Z", "buy_child_order_acceptance_id": "JRF20210305-034912-067432", "sell_child_order_acceptance_id": "JRF20210305-034911-103150"}]
[{"id": 2193110206, "side": "BUY", "price": 5293468.0, "size": 0.03, "exec_date": "2021-03-05T03:49:12.6253094Z", "buy_child_order_acceptance_id": "JRF20210305-034912-034068", "sell_child_order_acceptance_id": "JRF20210305-034911-160810"}, {"id": 2193110207, "side": "BUY", "price": 5293468.0, "size": 0.02, "exec_date": "2021-03-05T03:49:12.6409351Z", "buy_child_order_acceptance_id": "JRF20210305-034912-129744", "sell_child_order_acceptance_id": "JRF20210305-034911-160810"}, {"id": 2193110208, "side": "BUY", "price": 5293642.0, "size": 0.02, "exec_date": "2021-03-05T03:49:12.6409351Z", "buy_child_order_acceptance_id": "JRF20210305-034912-129744", "sell_child_order_acceptance_id": "JRF20210305-034910-094843"}]
[{"id": 2193110209, "side": "SELL", "price": 5292261.0, "size": 0.05, "exec_date": "2021-03-05T03:49:13.0392252Z", "buy_child_order_acceptance_id": "JRF20210305-034855-146972", "sell_child_order_acceptance_id": "JRF20210305-034912-130631"}]
[{"id": 2193110210, "side": "SELL", "price": 5292281.0, "size": 0.02, "exec_date": "2021-03-05T03:49:15.4281897Z", "buy_child_order_acceptance_id": "JRF20210305-034913-085015", "sell_child_order_acceptance_id": "JRF20210305-034915-018961"}]
[{"id": 2193110211, "side": "SELL", "price": 5292245.0, "size": 0.01, "exec_date": "2021-03-05T03:49:15.5844325Z", "buy_child_order_acceptance_id": "JRF20210305-034900-187771", "sell_child_order_acceptance_id": "JRF20210305-034915-157971"}, {"id": 2193110212, "side": "SELL", "price": 5292071.0, "size": 0.01343176, "exec_date": "2021-03-05T03:49:15.5844325Z", "buy_child_order_acceptance_id": "JRF20210305-034900-078324", "sell_child_order_acceptance_id": "JRF20210305-034915-157971"}, {"id": 2193110213, "side": "SELL", "price": 5291973.0, "size": 0.01, "exec_date": "2021-03-05T03:49:15.5844325Z", "buy_child_order_acceptance_id": "JRF20210305-034910-103148", "sell_child_order_acceptance_id": "JRF20210305-034915-157971"}, {"id": 2193110214, "side": "SELL", "price": 5291950.0, "size": 0.00656824, "exec_date": "2021-03-05T03:49:15.5844325Z", "buy_child_order_acceptance_id": "JRF20210305-034900-187775", "sell_child_order_acceptance_id": "JRF20210305-034915-157971"}]
[{"id": 2193110215, "side": "SELL", "price": 5291950.0, "size": 0.1, "exec_date": "2021-03-05T03:49:15.600059Z", "buy_child_order_acceptance_id": "JRF20210305-034900-187775", "sell_child_order_acceptance_id": "JRF20210305-034915-131501"}, {"id": 2193110216, "side": "BUY", "price": 5292261.0, "size": 0.03, "exec_date": "2021-03-05T03:49:15.600059Z", "buy_child_order_acceptance_id": "JRF20210305-034915-133106", "sell_child_order_acceptance_id": "JRF20210305-034915-018961"}, {"id": 2193110217, "side": "BUY", "price": 5292592.0, "size": 0.11, "exec_date": "2021-03-05T03:49:15.600059Z", "buy_child_order_acceptance_id": "JRF20210305-034915-133106", "sell_child_order_acceptance_id": "JRF20210305-034915-079165"}, {"id": 2193110218, "side": "BUY", "price": 5292710.0, "size": 0.01, "exec_date": "2021-03-05T03:49:15.600059Z", "buy_child_order_acceptance_id": "JRF20210305-034915-133106", "sell_child_order_acceptance_id": "JRF20210305-034915-178446"}]
[{"id": 2193110219, "side": "BUY", "price": 5292710.0, "size": 0.01, "exec_date": "2021-03-05T03:49:15.7382869Z", "buy_child_order_acceptance_id": "JRF20210305-034915-137200", "sell_child_order_acceptance_id": "JRF20210305-034915-178446"}]
[{"id": 2193110220, "side": "SELL", "price": 5291950.0, "size": 0.06623176, "exec_date": "2021-03-05T03:49:15.7695381Z", "buy_child_order_acceptance_id": "JRF20210305-034900-187775", "sell_child_order_acceptance_id": "JRF20210305-034915-067437"}, {"id": 2193110221, "side": "SELL", "price": 5291950.0, "size": 0.029, "exec_date": "2021-03-05T03:49:15.7695381Z", "buy_child_order_acceptance_id": "JRF20210305-034901-160771", "sell_child_order_acceptance_id": "JRF20210305-034915-067437"}, {"id": 2193110222, "side": "SELL", "price": 5291867.0, "size": 0.00476824, "exec_date": "2021-03-05T03:49:15.7695381Z", "buy_child_order_acceptance_id": "JRF20210305-034905-078343", "sell_child_order_acceptance_id": "JRF20210305-034915-067437"}]
[{"id": 2193110223, "side": "SELL", "price": 5291970.0, "size": 0.03, "exec_date": "2021-03-05T03:49:19.3548359Z", "buy_child_order_acceptance_id": "JRF20210305-034919-105145", "sell_child_order_acceptance_id": "JRF20210305-034919-034088"}, {"id": 2193110224, "side": "SELL", "price": 5291970.0, "size": 0.01, "exec_date": "2021-03-05T03:49:19.3548359Z", "buy_child_order_acceptance_id": "JRF20210305-034919-085032", "sell_child_order_acceptance_id": "JRF20210305-034919-034088"}, {"id": 2193110225, "side": "SELL", "price": 5291960.0, "size": 0.01, "exec_date": "2021-03-05T03:49:19.3548359Z", "buy_child_order_acceptance_id": "JRF20210305-034916-067438", "sell_child_order_acceptance_id": "JRF20210305-034919-034088"}, {"id": 2193110226, "side": "SELL", "price": 5291951.0, "size": 0.06, "exec_date": "2021-03-05T03:49:19.3548359Z", "buy_child_order_acceptance_id": "JRF20210305-034916-068278", "sell_child_order_acceptance_id": "JRF20210305-034919-034088"}, {"id": 2193110227, "side": "SELL", "price": 5291951.0, "size": 0.11, "exec_date": "2021-03-05T03:49:19.3548359Z", "buy_child_order_acceptance_id": "JRF20210305-034916-068278", "sell_child_order_acceptance_id": "JRF20210305-034919-088472"}]
[{"id": 2193110228, "side": "SELL", "price": 5291951.0, "size": 0.01, "exec_date": "2021-03-05T03:49:19.6147338Z", "buy_child_order_acceptance_id": "JRF20210305-034916-068278", "sell_child_order_acceptance_id": "JRF20210305-034919-187842"}]
[{"id": 2193110229, "side": "SELL", "price": 5291867.0, "size": 0.01023176, "exec_date": "2021-03-05T03:49:19.6552571Z", "buy_child_order_acceptance_id": "JRF20210305-034905-078343", "sell_child_order_acceptance_id": "JRF20210305-034919-061303"}, {"id": 2193110230, "side": "SELL", "price": 5291770.0, "size": 0.00976824, "exec_date": "2021-03-05T03:49:19.6552571Z", "buy_child_order_acceptance_id": "JRF20210305-034900-187764", "sell_child_order_acceptance_id": "JRF20210305-034919-061303"}]
[{"id": 2193110231, "side": "SELL", "price": 5291770.0, "size": 0.04023176, "exec_date": "2021-03-05T03:49:19.705628Z", "buy_child_order_acceptance_id": "JRF20210305-034900-187764", "sell_child_order_acceptance_id": "JRF20210305-034919-152503"}, {"id": 2193110232, "side": "SELL", "price": 5291630.0, "size": 0.01, "exec_date": "2021-03-05T03:49:19.7126271Z", "buy_child_order_acceptance_id": "JRF20210305-034900-131445", "sell_child_order_acceptance_id": "JRF20210305-034919-088475"}, {"id": 2193110233, "side": "SELL", "price": 5291616.0, "size": 0.01, "exec_date": "2021-03-05T03:49:19.7126271Z", "buy_child_order_acceptance_id": "JRF20210305-034919-073988", "sell_child_order_acceptance_id": "JRF20210305-034919-088475"}]
[{"id": 2193110234, "side": "SELL", "price": 5291616.0, "size": 0.01, "exec_date": "2021-03-05T03:49:19.7296271Z", "buy_child_order_acceptance_id": "JRF20210305-034919-073988", "sell_child_order_acceptance_id": "JRF20210305-034919-034091"}, {"id": 2193110235, "side": "SELL", "price": 5291616.0, "size": 0.01, "exec_date": "2021-03-05T03:49:19.7406678Z", "buy_child_order_acceptance_id": "JRF20210305-034919-073988", "sell_child_order_acceptance_id": "JRF20210305-034919-094867"}, {"id": 2193110236, "side": "SELL", "price": 5291616.0, "size": 0.08470115, "exec_date": "2021-03-05T03:49:19.7406678Z", "buy_child_order_acceptance_id": "JRF20210305-034919-073988", "sell_child_order_acceptance_id": "JRF20210305-034919-073991"}, {"id": 2193110237, "side": "SELL", "price": 5291616.0, "size": 0.03529885, "exec_date": "2021-03-05T03:49:19.7406678Z", "buy_child_order_acceptance_id": "JRF20210305-034919-073988", "sell_child_order_acceptance_id": "JRF20210305-034919-131514"}, {"id": 2193110238, "side": "SELL", "price": 5291615.0, "size": 0.05, "exec_date": "2021-03-05T03:49:19.7406678Z", "buy_child_order_acceptance_id": "JRF20210305-034846-009705", "sell_child_order_acceptance_id": "JRF20210305-034919-131514"}, {"id": 2193110239, "side": "SELL", "price": 5291550.0, "size": 0.01, "exec_date": "2021-03-05T03:49:19.7406678Z", "buy_child_order_acceptance_id": "JRF20210305-034915-152492", "sell_child_order_acceptance_id": "JRF20210305-034919-131514"}, {"id": 2193110240, "side": "SELL", "price": 5291549.0, "size": 0.00470115, "exec_date": "2021-03-05T03:49:19.7406678Z", "buy_child_order_acceptance_id": "JRF20210305-034909-152471", "sell_child_order_acceptance_id": "JRF20210305-034919-131514"}, {"id": 2193110241, "side": "SELL", "price": 5291549.0, "size": 0.03, "exec_date": "2021-03-05T03:49:19.7719182Z", "buy_child_order_acceptance_id": "JRF20210305-034909-152471", "sell_child_order_acceptance_id": "JRF20210305-034919-034092"}]
[{"id": 2193110242, "side": "SELL", "price": 5291549.0, "size": 0.02, "exec_date": "2021-03-05T03:49:19.9750373Z", "buy_child_order_acceptance_id": "JRF20210305-034909-152471", "sell_child_order_acceptance_id": "JRF20210305-034919-157984"}]
[{"id": 2193110243, "side": "SELL", "price": 5291549.0, "size": 0.04529885, "exec_date": "2021-03-05T03:49:20.3385922Z", "buy_child_order_acceptance_id": "JRF20210305-034909-152471", "sell_child_order_acceptance_id": "JRF20210305-034920-096034"}]
[{"id": 2193110244, "side": "SELL", "price": 5291403.0, "size": 0.01, "exec_date": "2021-03-05T03:49:20.4010907Z", "buy_child_order_acceptance_id": "JRF20210305-034847-148907", "sell_child_order_acceptance_id": "JRF20210305-034920-131515"}, {"id": 2193110245, "side": "SELL", "price": 5291395.0, "size": 0.02, "exec_date": "2021-03-05T03:49:20.4010907Z", "buy_child_order_acceptance_id": "JRF20210305-034900-152431", "sell_child_order_acceptance_id": "JRF20210305-034920-131515"}, {"id": 2193110246, "side": "SELL", "price": 5291395.0, "size": 0.01005183, "exec_date": "2021-03-05T03:49:20.4010907Z", "buy_child_order_acceptance_id": "JRF20210305-034900-152433", "sell_child_order_acceptance_id": "JRF20210305-034920-131515"}]
[{"id": 2193110247, "side": "SELL", "price": 5291395.0, "size": 0.00994817, "exec_date": "2021-03-05T03:49:21.2749938Z", "buy_child_order_acceptance_id": "JRF20210305-034900-152433", "sell_child_order_acceptance_id": "JRF20210305-034920-130648"}, {"id": 2193110248, "side": "SELL", "price": 5291333.0, "size": 0.02, "exec_date": "2021-03-05T03:49:21.2749938Z", "buy_child_order_acceptance_id": "JRF20210305-034854-150007", "sell_child_order_acceptance_id": "JRF20210305-034920-130648"}, {"id": 2193110249, "side": "SELL", "price": 5291270.0, "size": 5.183e-05, "exec_date": "2021-03-05T03:49:21.2749938Z", "buy_child_order_acceptance_id": "JRF20210305-034919-079175", "sell_child_order_acceptance_id": "JRF20210305-034920-130648"}]
[{"id": 2193110250, "side": "SELL", "price": 5291270.0, "size": 0.00994817, "exec_date": "2021-03-05T03:49:22.1651218Z", "buy_child_order_acceptance_id": "JRF20210305-034919-079175", "sell_child_order_acceptance_id": "JRF20210305-034921-129767"}, {"id": 2193110251, "side": "SELL", "price": 5291049.0, "size": 0.01, "exec_date": "2021-03-05T03:49:22.1651218Z", "buy_child_order_acceptance_id": "JRF20210305-034920-068288", "sell_child_order_acceptance_id": "JRF20210305-034921-129767"}, {"id": 2193110252, "side": "SELL", "price": 5291049.0, "size": 0.01, "exec_date": "2021-03-05T03:49:22.1651218Z", "buy_child_order_acceptance_id": "JRF20210305-034920-068289", "sell_child_order_acceptance_id": "JRF20210305-034921-129767"}, {"id": 2193110253, "side": "SELL", "price": 5291000.0, "size": 0.01, "exec_date": "2021-03-05T03:49:22.1651218Z", "buy_child_order_acceptance_id": "JRF20210305-034900-088415", "sell_child_order_acceptance_id": "JRF20210305-034921-129767"}, {"id": 2193110254, "side": "SELL", "price": 5290903.0, "size": 5.183e-05, "exec_date": "2021-03-05T03:49:22.1651218Z", "buy_child_order_acceptance_id": "JRF20210305-034913-152486", "sell_child_order_acceptance_id": "JRF20210305-034921-129767"}]
[{"id": 2193110255, "side": "SELL", "price": 5290903.0, "size": 0.01994817, "exec_date": "2021-03-05T03:49:23.1137577Z", "buy_child_order_acceptance_id": "JRF20210305-034913-152486", "sell_child_order_acceptance_id": "JRF20210305-034922-133139"}, {"id": 2193110256, "side": "SELL", "price": 5290725.0, "size": 0.01, "exec_date": "2021-03-05T03:49:23.1137577Z", "buy_child_order_acceptance_id": "JRF20210305-034900-137159", "sell_child_order_acceptance_id": "JRF20210305-034922-133139"}, {"id": 2193110257, "side": "SELL", "price": 5290682.0, "size": 5.183e-05, "exec_date": "2021-03-05T03:49:23.1137577Z", "buy_child_order_acceptance_id": "JRF20210305-034905-107507", "sell_child_order_acceptance_id": "JRF20210305-034922-133139"}]
[{"id": 2193110258, "side": "SELL", "price": 5290682.0, "size": 0.00994817, "exec_date": "2021-03-05T03:49:23.3033606Z", "buy_child_order_acceptance_id": "JRF20210305-034905-107507", "sell_child_order_acceptance_id": "JRF20210305-034923-133141"}, {"id": 2193110259, "side": "SELL", "price": 5290502.0, "size": 0.01005183, "exec_date": "2021-03-05T03:49:23.3033606Z", "buy_child_order_acceptance_id": "JRF20210305-034922-088481", "sell_child_order_acceptance_id": "JRF20210305-034923-133141"}]
[{"id": 2193110260, "side": "BUY", "price": 5291811.0, "size": 0.02, "exec_date": "2021-03-05T03:49:27.4369701Z", "buy_child_order_acceptance_id": "JRF20210305-034927-187869", "sell_child_order_acceptance_id": "JRF20210305-034926-150093"}]
[{"id": 2193110261, "side": "SELL", "price": 5290682.0, "size": 0.01, "exec_date": "2021-03-05T03:49:27.6088395Z", "buy_child_order_acceptance_id": "JRF20210305-034924-029194", "sell_child_order_acceptance_id": "JRF20210305-034927-146069"}]
[{"id": 2193110262, "side": "SELL", "price": 5291000.0, "size": 0.01, "exec_date": "2021-03-05T03:49:30.7137921Z", "buy_child_order_acceptance_id": "JRF20210305-034928-130671", "sell_child_order_acceptance_id": "JRF20210305-034930-166826"}]
[{"id": 2193110263, "side": "SELL", "price": 5290682.0, "size": 0.03808881, "exec_date": "2021-03-05T03:49:31.2808973Z", "buy_child_order_acceptance_id": "JRF20210305-034924-029194", "sell_child_order_acceptance_id": "JRF20210305-034931-082535"}]
[{"id": 2193110264, "side": "SELL", "price": 5290682.0, "size": 0.00191119, "exec_date": "2021-03-05T03:49:31.6254576Z", "buy_child_order_acceptance_id": "JRF20210305-034924-029194", "sell_child_order_acceptance_id": "JRF20210305-034931-067471"}, {"id": 2193110265, "side": "SELL", "price": 5290682.0, "size": 0.09808881, "exec_date": "2021-03-05T03:49:31.6254576Z", "buy_child_order_acceptance_id": "JRF20210305-034931-030220", "sell_child_order_acceptance_id": "JRF20210305-034931-067471"}]
[{"id": 2193110266, "side": "BUY", "price": 5291000.0, "size": 0.01, "exec_date": "2021-03-05T03:49:32.6367648Z", "buy_child_order_acceptance_id": "JRF20210305-034932-113431", "sell_child_order_acceptance_id": "JRF20210305-034931-178488"}]
[{"id": 2193110267, "side": "SELL", "price": 5290732.0, "size": 0.05, "exec_date": "2021-03-05T03:49:33.0216699Z", "buy_child_order_acceptance_id": "JRF20210305-034932-187881", "sell_child_order_acceptance_id": "JRF20210305-034932-091645"}, {"id": 2193110268, "side": "SELL", "price": 5290732.0, "size": 0.02, "exec_date": "2021-03-05T03:49:33.0216699Z", "buy_child_order_acceptance_id": "JRF20210305-034932-103213", "sell_child_order_acceptance_id": "JRF20210305-034932-091645"}]
[{"id": 2193110269, "side": "BUY", "price": 5291468.0, "size": 0.08, "exec_date": "2021-03-05T03:49:33.3217104Z", "buy_child_order_acceptance_id": "JRF20210305-034933-073034", "sell_child_order_acceptance_id": "JRF20210305-034932-107580"}, {"id": 2193110270, "side": "BUY", "price": 5291468.0, "size": 0.01, "exec_date": "2021-03-05T03:49:33.3217104Z", "buy_child_order_acceptance_id": "JRF20210305-034933-134935", "sell_child_order_acceptance_id": "JRF20210305-034932-107580"}, {"id": 2193110271, "side": "BUY", "price": 5291479.0, "size": 0.01, "exec_date": "2021-03-05T03:49:33.3217104Z", "buy_child_order_acceptance_id": "JRF20210305-034933-134935", "sell_child_order_acceptance_id": "JRF20210305-034933-094899"}, {"id": 2193110272, "side": "BUY", "price": 5291488.0, "size": 0.06, "exec_date": "2021-03-05T03:49:33.3217104Z", "buy_child_order_acceptance_id": "JRF20210305-034933-134935", "sell_child_order_acceptance_id": "JRF20210305-034931-012356"}]
[{"id": 2193110273, "side": "SELL", "price": 5290732.0, "size": 0.03, "exec_date": "2021-03-05T03:49:34.4535373Z", "buy_child_order_acceptance_id": "JRF20210305-034932-103213", "sell_child_order_acceptance_id": "JRF20210305-034934-009711"}]
[{"id": 2193110274, "side": "BUY", "price": 5291430.0, "size": 0.05, "exec_date": "2021-03-05T03:49:39.8140369Z", "buy_child_order_acceptance_id": "JRF20210305-034939-113441", "sell_child_order_acceptance_id": "JRF20210305-034938-088515"}]
[{"id": 2193110275, "side": "SELL", "price": 5291103.0, "size": 0.01, "exec_date": "2021-03-05T03:49:40.0952808Z", "buy_child_order_acceptance_id": "JRF20210305-034939-129816", "sell_child_order_acceptance_id": "JRF20210305-034939-034133"}]
[{"id": 2193110276, "side": "BUY", "price": 5291429.0, "size": 0.01, "exec_date": "2021-03-05T03:49:40.7401606Z", "buy_child_order_acceptance_id": "JRF20210305-034940-067494", "sell_child_order_acceptance_id": "JRF20210305-034939-152549"}]
[{"id": 2193110277, "side": "SELL", "price": 5291103.0, "size": 0.0799, "exec_date": "2021-03-05T03:49:42.735224Z", "buy_child_order_acceptance_id": "JRF20210305-034939-129816", "sell_child_order_acceptance_id": "JRF20210305-034942-133175"}]
[{"id": 2193110278, "side": "SELL", "price": 5291103.0, "size": 4.817e-05, "exec_date": "2021-03-05T03:49:42.9707047Z", "buy_child_order_acceptance_id": "JRF20210305-034939-129816", "sell_child_order_acceptance_id": "JRF20210305-034942-092671"}]
[{"id": 2193110279, "side": "BUY", "price": 5291427.0, "size": 0.15, "exec_date": "2021-03-05T03:49:45.1494778Z", "buy_child_order_acceptance_id": "JRF20210305-034945-078452", "sell_child_order_acceptance_id": "JRF20210305-034943-152553"}, {"id": 2193110280, "side": "BUY", "price": 5291428.0, "size": 0.01866666, "exec_date": "2021-03-05T03:49:45.1494778Z", "buy_child_order_acceptance_id": "JRF20210305-034945-078452", "sell_child_order_acceptance_id": "JRF20210305-034943-166854"}, {"id": 2193110281, "side": "BUY", "price": 5291429.0, "size": 0.04, "exec_date": "2021-03-05T03:49:45.1494778Z", "buy_child_order_acceptance_id": "JRF20210305-034945-078452", "sell_child_order_acceptance_id": "JRF20210305-034941-135203"}, {"id": 2193110282, "side": "BUY", "price": 5291429.0, "size": 0.04, "exec_date": "2021-03-05T03:49:45.1494778Z", "buy_child_order_acceptance_id": "JRF20210305-034945-078452", "sell_child_order_acceptance_id": "JRF20210305-034943-105207"}, {"id": 2193110283, "side": "BUY", "price": 5291430.0, "size": 0.04, "exec_date": "2021-03-05T03:49:45.1494778Z", "buy_child_order_acceptance_id": "JRF20210305-034945-078452", "sell_child_order_acceptance_id": "JRF20210305-034938-088515"}]
[{"id": 2193110284, "side": "BUY", "price": 5291453.0, "size": 0.02, "exec_date": "2021-03-05T03:49:45.1963484Z", "buy_child_order_acceptance_id": "JRF20210305-034945-146106", "sell_child_order_acceptance_id": "JRF20210305-034944-137264"}, {"id": 2193110285, "side": "BUY", "price": 5291454.0, "size": 0.01, "exec_date": "2021-03-05T03:49:45.1963484Z", "buy_child_order_acceptance_id": "JRF20210305-034945-146106", "sell_child_order_acceptance_id": "JRF20210305-034938-082550"}, {"id": 2193110286, "side": "BUY", "price": 5291454.0, "size": 0.04, "exec_date": "2021-03-05T03:49:45.1963484Z", "buy_child_order_acceptance_id": "JRF20210305-034945-146106", "sell_child_order_acceptance_id": "JRF20210305-034939-034132"}, {"id": 2193110287, "side": "BUY", "price": 5291493.0, "size": 0.18, "exec_date": "2021-03-05T03:49:45.1963484Z", "buy_child_order_acceptance_id": "JRF20210305-034945-146106", "sell_child_order_acceptance_id": "JRF20210305-034930-138740"}, {"id": 2193110288, "side": "BUY", "price": 5291493.0, "size": 0.02, "exec_date": "2021-03-05T03:49:45.1963484Z", "buy_child_order_acceptance_id": "JRF20210305-034945-149278", "sell_child_order_acceptance_id": "JRF20210305-034930-138740"}, {"id": 2193110289, "side": "BUY", "price": 5291674.0, "size": 0.01, "exec_date": "2021-03-05T03:49:45.1963484Z", "buy_child_order_acceptance_id": "JRF20210305-034945-149278", "sell_child_order_acceptance_id": "JRF20210305-034932-129796"}, {"id": 2193110290, "side": "BUY", "price": 5291674.0, "size": 0.09, "exec_date": "2021-03-05T03:49:45.2119729Z", "buy_child_order_acceptance_id": "JRF20210305-034945-074506", "sell_child_order_acceptance_id": "JRF20210305-034932-129796"}, {"id": 2193110291, "side": "BUY", "price": 5291733.0, "size": 0.16, "exec_date": "2021-03-05T03:49:45.2119729Z", "buy_child_order_acceptance_id": "JRF20210305-034945-074506", "sell_child_order_acceptance_id": "JRF20210305-034932-012360"}, {"id": 2193110292, "side": "BUY", "price": 5291733.0, "size": 0.01, "exec_date": "2021-03-05T03:49:45.227597Z", "buy_child_order_acceptance_id": "JRF20210305-034945-092672", "sell_child_order_acceptance_id": "JRF20210305-034932-012360"}, {"id": 2193110293, "side": "BUY", "price": 5291802.0, "size": 0.09, "exec_date": "2021-03-05T03:49:45.227597Z", "buy_child_order_acceptance_id": "JRF20210305-034945-092672", "sell_child_order_acceptance_id": "JRF20210305-034932-148059"}, {"id": 2193110294, "side": "SELL", "price": 5291427.0, "size": 0.1, "exec_date": "2021-03-05T03:49:45.227597Z", "buy_child_order_acceptance_id": "JRF20210305-034945-096088", "sell_child_order_acceptance_id": "JRF20210305-034945-006271"}, {"id": 2193110295, "side": "SELL", "price": 5291427.0, "size": 0.01, "exec_date": "2021-03-05T03:49:45.2443565Z", "buy_child_order_acceptance_id": "JRF20210305-034945-096088", "sell_child_order_acceptance_id": "JRF20210305-034945-088529"}, {"id": 2193110296, "side": "BUY", "price": 5291802.0, "size": 0.01863256, "exec_date": "2021-03-05T03:49:45.2443565Z", "buy_child_order_acceptance_id": "JRF20210305-034945-157024", "sell_child_order_acceptance_id": "JRF20210305-034932-148059"}, {"id": 2193110297, "side": "BUY", "price": 5291837.0, "size": 0.02136744, "exec_date": "2021-03-05T03:49:45.2443565Z", "buy_child_order_acceptance_id": "JRF20210305-034945-157024", "sell_child_order_acceptance_id": "JRF20210305-034931-137236"}, {"id": 2193110298, "side": "BUY", "price": 5291837.0, "size": 0.04, "exec_date": "2021-03-05T03:49:45.2443565Z", "buy_child_order_acceptance_id": "JRF20210305-034945-082558", "sell_child_order_acceptance_id": "JRF20210305-034931-137236"}, {"id": 2193110299, "side": "BUY", "price": 5291837.0, "size": 0.04, "exec_date": "2021-03-05T03:49:45.306859Z", "buy_child_order_acceptance_id": "JRF20210305-034945-146107", "sell_child_order_acceptance_id": "JRF20210305-034931-137236"}]
[{"id": 2193110300, "side": "BUY", "price": 5291837.0, "size": 0.1, "exec_date": "2021-03-05T03:49:45.3402364Z", "buy_child_order_acceptance_id": "JRF20210305-034945-092673", "sell_child_order_acceptance_id": "JRF20210305-034931-137236"}, {"id": 2193110301, "side": "BUY", "price": 5291837.0, "size": 0.01863256, "exec_date": "2021-03-05T03:49:45.3402364Z", "buy_child_order_acceptance_id": "JRF20210305-034945-131562", "sell_child_order_acceptance_id": "JRF20210305-034931-137236"}, {"id": 2193110302, "side": "BUY", "price": 5291990.0, "size": 0.01, "exec_date": "2021-03-05T03:49:45.3402364Z", "buy_child_order_acceptance_id": "JRF20210305-034945-131562", "sell_child_order_acceptance_id": "JRF20210305-034922-148030"}, {"id": 2193110303, "side": "BUY", "price": 5292010.0, "size": 0.01136744, "exec_date": "2021-03-05T03:49:45.3402364Z", "buy_child_order_acceptance_id": "JRF20210305-034945-131562", "sell_child_order_acceptance_id": "JRF20210305-034932-148060"}]
[{"id": 2193110304, "side": "BUY", "price": 5292010.0, "size": 0.1, "exec_date": "2021-03-05T03:49:45.4808577Z", "buy_child_order_acceptance_id": "JRF20210305-034945-131563", "sell_child_order_acceptance_id": "JRF20210305-034932-148060"}, {"id": 2193110305, "side": "BUY", "price": 5292010.0, "size": 0.01863256, "exec_date": "2021-03-05T03:49:45.4808577Z", "buy_child_order_acceptance_id": "JRF20210305-034945-152556", "sell_child_order_acceptance_id": "JRF20210305-034932-148060"}, {"id": 2193110306, "side": "BUY", "price": 5292036.0, "size": 0.06141192, "exec_date": "2021-03-05T03:49:45.4808577Z", "buy_child_order_acceptance_id": "JRF20210305-034945-152556", "sell_child_order_acceptance_id": "JRF20210305-034933-178496"}, {"id": 2193110307, "side": "BUY", "price": 5292426.0, "size": 0.01995552, "exec_date": "2021-03-05T03:49:45.4808577Z", "buy_child_order_acceptance_id": "JRF20210305-034945-152556", "sell_child_order_acceptance_id": "JRF20210305-034930-107576"}]
[{"id": 2193110308, "side": "SELL", "price": 5291723.0, "size": 0.05, "exec_date": "2021-03-05T03:49:45.7007048Z", "buy_child_order_acceptance_id": "JRF20210305-034945-067499", "sell_child_order_acceptance_id": "JRF20210305-034945-135210"}]
[{"id": 2193110309, "side": "SELL", "price": 5291837.0, "size": 0.01, "exec_date": "2021-03-05T03:49:45.8257028Z", "buy_child_order_acceptance_id": "JRF20210305-034945-096089", "sell_child_order_acceptance_id": "JRF20210305-034945-149284"}]
[{"id": 2193110310, "side": "SELL", "price": 5291723.0, "size": 0.01, "exec_date": "2021-03-05T03:49:45.8736877Z", "buy_child_order_acceptance_id": "JRF20210305-034945-067499", "sell_child_order_acceptance_id": "JRF20210305-034945-150129"}]
[{"id": 2193110311, "side": "BUY", "price": 5292426.0, "size": 0.10504448, "exec_date": "2021-03-05T03:49:46.1236768Z", "buy_child_order_acceptance_id": "JRF20210305-034946-129833", "sell_child_order_acceptance_id": "JRF20210305-034930-107576"}, {"id": 2193110312, "side": "BUY", "price": 5292547.0, "size": 0.01495552, "exec_date": "2021-03-05T03:49:46.1236768Z", "buy_child_order_acceptance_id": "JRF20210305-034946-129833", "sell_child_order_acceptance_id": "JRF20210305-034945-078450"}]
[{"id": 2193110313, "side": "BUY", "price": 5292547.0, "size": 0.00504448, "exec_date": "2021-03-05T03:49:46.1705496Z", "buy_child_order_acceptance_id": "JRF20210305-034946-113453", "sell_child_order_acceptance_id": "JRF20210305-034945-078450"}, {"id": 2193110314, "side": "BUY", "price": 5292547.0, "size": 0.01495552, "exec_date": "2021-03-05T03:49:46.1705496Z", "buy_child_order_acceptance_id": "JRF20210305-034946-113453", "sell_child_order_acceptance_id": "JRF20210305-034945-157029"}]
[{"id": 2193110315, "side": "BUY", "price": 5292548.0, "size": 0.01, "exec_date": "2021-03-05T03:49:46.593021Z", "buy_child_order_acceptance_id": "JRF20210305-034946-113454", "sell_child_order_acceptance_id": "JRF20210305-034942-187898"}]
[{"id": 2193110316, "side": "BUY", "price": 5292686.0, "size": 0.01, "exec_date": "2021-03-05T03:49:46.70821Z", "buy_child_order_acceptance_id": "JRF20210305-034946-087785", "sell_child_order_acceptance_id": "JRF20210305-034943-187902"}]
[{"id": 2193110317, "side": "BUY", "price": 5292854.0, "size": 0.01, "exec_date": "2021-03-05T03:49:48.51998Z", "buy_child_order_acceptance_id": "JRF20210305-034948-166870", "sell_child_order_acceptance_id": "JRF20210305-034948-131569"}, {"id": 2193110318, "side": "BUY", "price": 5292860.0, "size": 0.1, "exec_date": "2021-03-05T03:49:48.51998Z", "buy_child_order_acceptance_id": "JRF20210305-034948-166870", "sell_child_order_acceptance_id": "JRF20210305-034931-508100"}]
[{"id": 2193110319, "side": "BUY", "price": 5292852.0, "size": 0.01, "exec_date": "2021-03-05T03:49:49.5334458Z", "buy_child_order_acceptance_id": "JRF20210305-034949-135223", "sell_child_order_acceptance_id": "JRF20210305-034949-992270"}]
[{"id": 2193110320, "side": "SELL", "price": 5292009.0, "size": 0.01, "exec_date": "2021-03-05T03:49:51.7826867Z", "buy_child_order_acceptance_id": "JRF20210305-034949-134967", "sell_child_order_acceptance_id": "JRF20210305-034951-082581"}]
[{"id": 2193110321, "side": "BUY", "price": 5292859.0, "size": 0.04, "exec_date": "2021-03-05T03:49:52.1431349Z", "buy_child_order_acceptance_id": "JRF20210305-034952-152578", "sell_child_order_acceptance_id": "JRF20210305-034951-146125"}]
[{"id": 2193110322, "side": "BUY", "price": 5293590.0, "size": 0.01, "exec_date": "2021-03-05T03:49:53.1184525Z", "buy_child_order_acceptance_id": "JRF20210305-034952-148093", "sell_child_order_acceptance_id": "JRF20210305-034951-105225"}, {"id": 2193110323, "side": "BUY", "price": 5293593.0, "size": 0.09, "exec_date": "2021-03-05T03:49:53.1184525Z", "buy_child_order_acceptance_id": "JRF20210305-034952-148093", "sell_child_order_acceptance_id": "JRF20210305-034949-034156"}]
[{"id": 2193110324, "side": "BUY", "price": 5293088.0, "size": 0.01, "exec_date": "2021-03-05T03:49:56.701335Z", "buy_child_order_acceptance_id": "JRF20210305-034956-018965", "sell_child_order_acceptance_id": "JRF20210305-034956-061390"}]
[{"id": 2193110325, "side": "SELL", "price": 5292293.0, "size": 0.03, "exec_date": "2021-03-05T03:49:56.8888266Z", "buy_child_order_acceptance_id": "JRF20210305-034953-160903", "sell_child_order_acceptance_id": "JRF20210305-034956-105235"}]
[{"id": 2193110326, "side": "SELL", "price": 5291640.0, "size": 0.07, "exec_date": "2021-03-05T03:49:58.491647Z", "buy_child_order_acceptance_id": "JRF20210305-034957-088561", "sell_child_order_acceptance_id": "JRF20210305-034958-006274"}]
[{"id": 2193110327, "side": "SELL", "price": 5291640.0, "size": 0.01, "exec_date": "2021-03-05T03:49:59.4048299Z", "buy_child_order_acceptance_id": "JRF20210305-034957-088561", "sell_child_order_acceptance_id": "JRF20210305-034959-103274"}]
[{"id": 2193110328, "side": "BUY", "price": 5292293.0, "size": 0.02, "exec_date": "2021-03-05T03:50:00.6935155Z", "buy_child_order_acceptance_id": "JRF20210305-035000-088563", "sell_child_order_acceptance_id": "JRF20210305-034957-138810"}]
[{"id": 2193110329, "side": "SELL", "price": 5292176.0, "size": 0.02, "exec_date": "2021-03-05T03:50:01.4063535Z", "buy_child_order_acceptance_id": "JRF20210305-035000-129862", "sell_child_order_acceptance_id": "JRF20210305-035001-092721"}]
[{"id": 2193110330, "side": "BUY", "price": 5292091.0, "size": 0.015, "exec_date": "2021-03-05T03:50:02.2210458Z", "buy_child_order_acceptance_id": "JRF20210305-035002-246278", "sell_child_order_acceptance_id": "JRF20210305-035001-131595"}]
[{"id": 2193110331, "side": "SELL", "price": 5291876.0, "size": 0.01, "exec_date": "2021-03-05T03:50:02.2533985Z", "buy_child_order_acceptance_id": "JRF20210305-035001-246276", "sell_child_order_acceptance_id": "JRF20210305-035002-113488"}]
[{"id": 2193110332, "side": "BUY", "price": 5292091.0, "size": 0.01, "exec_date": "2021-03-05T03:50:02.6305397Z", "buy_child_order_acceptance_id": "JRF20210305-035002-138828", "sell_child_order_acceptance_id": "JRF20210305-035001-131595"}]
[{"id": 2193110333, "side": "SELL", "price": 5291647.0, "size": 0.02, "exec_date": "2021-03-05T03:50:03.1404001Z", "buy_child_order_acceptance_id": "JRF20210305-035000-067527", "sell_child_order_acceptance_id": "JRF20210305-035003-103296"}]
[{"id": 2193110334, "side": "SELL", "price": 5291639.0, "size": 0.01, "exec_date": "2021-03-05T03:50:03.7338183Z", "buy_child_order_acceptance_id": "JRF20210305-034949-992268", "sell_child_order_acceptance_id": "JRF20210305-035003-103298"}]
[{"id": 2193110335, "side": "SELL", "price": 5291589.0, "size": 0.01, "exec_date": "2021-03-05T03:50:04.0318728Z", "buy_child_order_acceptance_id": "JRF20210305-034952-094938", "sell_child_order_acceptance_id": "JRF20210305-035003-129874"}, {"id": 2193110336, "side": "SELL", "price": 5291587.0, "size": 0.01, "exec_date": "2021-03-05T03:50:04.0318728Z", "buy_child_order_acceptance_id": "JRF20210305-034946-088538", "sell_child_order_acceptance_id": "JRF20210305-035003-129874"}]
[{"id": 2193110337, "side": "SELL", "price": 5291587.0, "size": 0.02, "exec_date": "2021-03-05T03:50:04.0643117Z", "buy_child_order_acceptance_id": "JRF20210305-034946-088538", "sell_child_order_acceptance_id": "JRF20210305-035003-085119"}]
[{"id": 2193110338, "side": "SELL", "price": 5291587.0, "size": 0.02, "exec_date": "2021-03-05T03:50:04.1424389Z", "buy_child_order_acceptance_id": "JRF20210305-034946-088538", "sell_child_order_acceptance_id": "JRF20210305-035004-134006"}]
[{"id": 2193110339, "side": "SELL", "price": 5291587.0, "size": 0.02, "exec_date": "2021-03-05T03:50:04.1580609Z", "buy_child_order_acceptance_id": "JRF20210305-034946-088538", "sell_child_order_acceptance_id": "JRF20210305-035004-105247"}, {"id": 2193110340, "side": "SELL", "price": 5291587.0, "size": 0.02, "exec_date": "2021-03-05T03:50:04.1736853Z", "buy_child_order_acceptance_id": "JRF20210305-034946-088538", "sell_child_order_acceptance_id": "JRF20210305-035004-137304"}]
[{"id": 2193110341, "side": "SELL", "price": 5291587.0, "size": 0.02, "exec_date": "2021-03-05T03:50:04.204939Z", "buy_child_order_acceptance_id": "JRF20210305-034946-088538", "sell_child_order_acceptance_id": "JRF20210305-035004-118746"}, {"id": 2193110342, "side": "SELL", "price": 5291587.0, "size": 0.015, "exec_date": "2021-03-05T03:50:04.2205599Z", "buy_child_order_acceptance_id": "JRF20210305-034946-088538", "sell_child_order_acceptance_id": "JRF20210305-035004-138832"}]
[{"id": 2193110343, "side": "BUY", "price": 5291415.0, "size": 0.02, "exec_date": "2021-03-05T03:50:04.4475965Z", "buy_child_order_acceptance_id": "JRF20210305-035004-137306", "sell_child_order_acceptance_id": "JRF20210305-035004-061400"}, {"id": 2193110344, "side": "BUY", "price": 5291426.0, "size": 0.02, "exec_date": "2021-03-05T03:50:04.4475965Z", "buy_child_order_acceptance_id": "JRF20210305-035004-137306", "sell_child_order_acceptance_id": "JRF20210305-035004-073102"}, {"id": 2193110345, "side": "BUY", "price": 5291594.0, "size": 0.05, "exec_date": "2021-03-05T03:50:04.4475965Z", "buy_child_order_acceptance_id": "JRF20210305-035004-137306", "sell_child_order_acceptance_id": "JRF20210305-035004-134005"}, {"id": 2193110346, "side": "BUY", "price": 5291603.0, "size": 0.01, "exec_date": "2021-03-05T03:50:04.4475965Z", "buy_child_order_acceptance_id": "JRF20210305-035004-137306", "sell_child_order_acceptance_id": "JRF20210305-035003-103298"}]
[{"id": 2193110347, "side": "BUY", "price": 5291390.0, "size": 0.02, "exec_date": "2021-03-05T03:50:04.4815431Z", "buy_child_order_acceptance_id": "JRF20210305-035004-149333", "sell_child_order_acceptance_id": "JRF20210305-035004-148119"}, {"id": 2193110348, "side": "BUY", "price": 5291449.0, "size": 0.02, "exec_date": "2021-03-05T03:50:04.4815431Z", "buy_child_order_acceptance_id": "JRF20210305-035004-105248", "sell_child_order_acceptance_id": "JRF20210305-035004-152598"}]
[{"id": 2193110349, "side": "BUY", "price": 5291603.0, "size": 0.02, "exec_date": "2021-03-05T03:50:04.7723091Z", "buy_child_order_acceptance_id": "JRF20210305-035004-137307", "sell_child_order_acceptance_id": "JRF20210305-035003-103298"}]
[{"id": 2193110350, "side": "BUY", "price": 5291603.0, "size": 0.01, "exec_date": "2021-03-05T03:50:04.8191831Z", "buy_child_order_acceptance_id": "JRF20210305-035004-073103", "sell_child_order_acceptance_id": "JRF20210305-035003-103298"}]
[{"id": 2193110351, "side": "BUY", "price": 5291963.0, "size": 0.03, "exec_date": "2021-03-05T03:50:05.5454162Z", "buy_child_order_acceptance_id": "JRF20210305-035005-113490", "sell_child_order_acceptance_id": "JRF20210305-035004-087845"}]
[{"id": 2193110352, "side": "SELL", "price": 5291603.0, "size": 0.01, "exec_date": "2021-03-05T03:50:05.7340057Z", "buy_child_order_acceptance_id": "JRF20210305-035005-246290", "sell_child_order_acceptance_id": "JRF20210305-035005-092735"}]
[{"id": 2193110353, "side": "SELL", "price": 5291126.0, "size": 0.02, "exec_date": "2021-03-05T03:50:06.1413559Z", "buy_child_order_acceptance_id": "JRF20210305-035004-148120", "sell_child_order_acceptance_id": "JRF20210305-035006-166930"}]
[{"id": 2193110354, "side": "SELL", "price": 5291126.0, "size": 0.04, "exec_date": "2021-03-05T03:50:06.550772Z", "buy_child_order_acceptance_id": "JRF20210305-035004-148120", "sell_child_order_acceptance_id": "JRF20210305-035006-012439"}]
[{"id": 2193110355, "side": "SELL", "price": 5291126.0, "size": 0.09, "exec_date": "2021-03-05T03:50:06.6601449Z", "buy_child_order_acceptance_id": "JRF20210305-035004-148120", "sell_child_order_acceptance_id": "JRF20210305-035006-079306"}, {"id": 2193110356, "side": "SELL", "price": 5291125.0, "size": 0.02, "exec_date": "2021-03-05T03:50:06.6601449Z", "buy_child_order_acceptance_id": "JRF20210305-035001-085107", "sell_child_order_acceptance_id": "JRF20210305-035006-079306"}]
[{"id": 2193110357, "side": "SELL", "price": 5291118.0, "size": 0.01, "exec_date": "2021-03-05T03:50:06.9581074Z", "buy_child_order_acceptance_id": "JRF20210305-035000-148105", "sell_child_order_acceptance_id": "JRF20210305-035006-149337"}]
[{"id": 2193110358, "side": "SELL", "price": 5291118.0, "size": 0.01, "exec_date": "2021-03-05T03:50:07.0529593Z", "buy_child_order_acceptance_id": "JRF20210305-035000-148105", "sell_child_order_acceptance_id": "JRF20210305-035006-130752"}, {"id": 2193110359, "side": "SELL", "price": 5290718.0, "size": 0.06141192, "exec_date": "2021-03-05T03:50:07.0529593Z", "buy_child_order_acceptance_id": "JRF20210305-035005-078517", "sell_child_order_acceptance_id": "JRF20210305-035006-130752"}, {"id": 2193110360, "side": "SELL", "price": 5290682.0, "size": 0.02858808, "exec_date": "2021-03-05T03:50:07.0529593Z", "buy_child_order_acceptance_id": "JRF20210305-034931-030220", "sell_child_order_acceptance_id": "JRF20210305-035006-130752"}]
[{"id": 2193110361, "side": "SELL", "price": 5290682.0, "size": 0.04, "exec_date": "2021-03-05T03:50:07.0685857Z", "buy_child_order_acceptance_id": "JRF20210305-034931-030220", "sell_child_order_acceptance_id": "JRF20210305-035006-074556"}]
[{"id": 2193110362, "side": "SELL", "price": 5290682.0, "size": 0.06, "exec_date": "2021-03-05T03:50:07.2092051Z", "buy_child_order_acceptance_id": "JRF20210305-034931-030220", "sell_child_order_acceptance_id": "JRF20210305-035007-006276"}]
[{"id": 2193110363, "side": "SELL", "price": 5290682.0, "size": 0.05, "exec_date": "2021-03-05T03:50:08.5847116Z", "buy_child_order_acceptance_id": "JRF20210305-034931-030220", "sell_child_order_acceptance_id": "JRF20210305-035008-134018"}, {"id": 2193110364, "side": "SELL", "price": 5290682.0, "size": 0.02332311, "exec_date": "2021-03-05T03:50:08.5847116Z", "buy_child_order_acceptance_id": "JRF20210305-034931-030220", "sell_child_order_acceptance_id": "JRF20210305-035008-107663"}, {"id": 2193110365, "side": "SELL", "price": 5290269.0, "size": 0.015, "exec_date": "2021-03-05T03:50:08.5847116Z", "buy_child_order_acceptance_id": "JRF20210305-034900-087665", "sell_child_order_acceptance_id": "JRF20210305-035008-107663"}, {"id": 2193110366, "side": "SELL", "price": 5290000.0, "size": 0.039, "exec_date": "2021-03-05T03:50:08.5847116Z", "buy_child_order_acceptance_id": "JRF20210305-034906-018960", "sell_child_order_acceptance_id": "JRF20210305-035008-107663"}]
[{"id": 2193110367, "side": "SELL", "price": 5289896.0, "size": 0.01, "exec_date": "2021-03-05T03:50:11.7304394Z", "buy_child_order_acceptance_id": "JRF20210305-035010-992298", "sell_child_order_acceptance_id": "JRF20210305-035011-105264"}]
[{"id": 2193110368, "side": "BUY", "price": 5290000.0, "size": 0.02, "exec_date": "2021-03-05T03:50:11.8710623Z", "buy_child_order_acceptance_id": "JRF20210305-035011-107669", "sell_child_order_acceptance_id": "JRF20210305-035011-091650"}, {"id": 2193110369, "side": "BUY", "price": 5290000.0, "size": 0.08, "exec_date": "2021-03-05T03:50:11.8710623Z", "buy_child_order_acceptance_id": "JRF20210305-035011-034205", "sell_child_order_acceptance_id": "JRF20210305-035011-091650"}]
[{"id": 2193110370, "side": "SELL", "price": 5290073.0, "size": 0.02, "exec_date": "2021-03-05T03:50:12.0754128Z", "buy_child_order_acceptance_id": "JRF20210305-035011-138855", "sell_child_order_acceptance_id": "JRF20210305-035011-061413"}, {"id": 2193110371, "side": "SELL", "price": 5290055.0, "size": 0.02, "exec_date": "2021-03-05T03:50:12.0754128Z", "buy_child_order_acceptance_id": "JRF20210305-035011-133242", "sell_child_order_acceptance_id": "JRF20210305-035011-061413"}, {"id": 2193110372, "side": "SELL", "price": 5289895.0, "size": 0.01597972, "exec_date": "2021-03-05T03:50:12.0754128Z", "buy_child_order_acceptance_id": "JRF20210305-034900-103099", "sell_child_order_acceptance_id": "JRF20210305-035011-061413"}, {"id": 2193110373, "side": "SELL", "price": 5289895.0, "size": 0.01597972, "exec_date": "2021-03-05T03:50:12.0754128Z", "buy_child_order_acceptance_id": "JRF20210305-034900-187768", "sell_child_order_acceptance_id": "JRF20210305-035011-061413"}, {"id": 2193110374, "side": "SELL", "price": 5289866.0, "size": 0.01, "exec_date": "2021-03-05T03:50:12.0754128Z", "buy_child_order_acceptance_id": "JRF20210305-034900-187766", "sell_child_order_acceptance_id": "JRF20210305-035011-061413"}, {"id": 2193110375, "side": "SELL", "price": 5289866.0, "size": 0.01, "exec_date": "2021-03-05T03:50:12.0754128Z", "buy_child_order_acceptance_id": "JRF20210305-034900-103101", "sell_child_order_acceptance_id": "JRF20210305-035011-061413"}, {"id": 2193110376, "side": "SELL", "price": 5289866.0, "size": 0.00804056, "exec_date": "2021-03-05T03:50:12.0754128Z", "buy_child_order_acceptance_id": "JRF20210305-034900-087662", "sell_child_order_acceptance_id": "JRF20210305-035011-061413"}]
[{"id": 2193110377, "side": "SELL", "price": 5289866.0, "size": 0.00695944, "exec_date": "2021-03-05T03:50:12.8921903Z", "buy_child_order_acceptance_id": "JRF20210305-034900-087662", "sell_child_order_acceptance_id": "JRF20210305-035012-178602"}]
[{"id": 2193110378, "side": "SELL", "price": 5289759.0, "size": 0.01, "exec_date": "2021-03-05T03:50:13.3106651Z", "buy_child_order_acceptance_id": "JRF20210305-034900-187763", "sell_child_order_acceptance_id": "JRF20210305-035013-160967"}]
[{"id": 2193110379, "side": "SELL", "price": 5289017.0, "size": 0.04117159, "exec_date": "2021-03-05T03:50:13.8900402Z", "buy_child_order_acceptance_id": "JRF20210305-034744-187543", "sell_child_order_acceptance_id": "JRF20210305-035013-092760"}, {"id": 2193110380, "side": "BUY", "price": 5289017.0, "size": 0.00882841, "exec_date": "2021-03-05T03:50:13.8900402Z", "buy_child_order_acceptance_id": "JRF20210305-035013-178604", "sell_child_order_acceptance_id": "JRF20210305-035013-092760"}, {"id": 2193110381, "side": "SELL", "price": 5289018.0, "size": 0.03, "exec_date": "2021-03-05T03:50:13.8900402Z", "buy_child_order_acceptance_id": "JRF20210305-035013-178604", "sell_child_order_acceptance_id": "JRF20210305-035013-105272"}]
[{"id": 2193110382, "side": "SELL", "price": 5289018.0, "size": 0.02, "exec_date": "2021-03-05T03:50:13.9056194Z", "buy_child_order_acceptance_id": "JRF20210305-035013-178604", "sell_child_order_acceptance_id": "JRF20210305-035013-113505"}, {"id": 2193110383, "side": "SELL", "price": 5289018.0, "size": 0.02, "exec_date": "2021-03-05T03:50:13.9212428Z", "buy_child_order_acceptance_id": "JRF20210305-035013-178604", "sell_child_order_acceptance_id": "JRF20210305-035013-113506"}, {"id": 2193110384, "side": "SELL", "price": 5289018.0, "size": 0.02, "exec_date": "2021-03-05T03:50:13.9212428Z", "buy_child_order_acceptance_id": "JRF20210305-035013-178604", "sell_child_order_acceptance_id": "JRF20210305-035013-135271"}, {"id": 2193110385, "side": "SELL", "price": 5289018.0, "size": 0.02, "exec_date": "2021-03-05T03:50:13.9681188Z", "buy_child_order_acceptance_id": "JRF20210305-035013-178604", "sell_child_order_acceptance_id": "JRF20210305-035013-105273"}]
[{"id": 2193110386, "side": "SELL", "price": 5289018.0, "size": 0.02, "exec_date": "2021-03-05T03:50:13.9837409Z", "buy_child_order_acceptance_id": "JRF20210305-035013-178604", "sell_child_order_acceptance_id": "JRF20210305-035013-034210"}, {"id": 2193110387, "side": "SELL", "price": 5289018.0, "size": 0.02, "exec_date": "2021-03-05T03:50:14.014993Z", "buy_child_order_acceptance_id": "JRF20210305-035013-178604", "sell_child_order_acceptance_id": "JRF20210305-035013-131629"}, {"id": 2193110388, "side": "SELL", "price": 5289018.0, "size": 0.02, "exec_date": "2021-03-05T03:50:14.0306145Z", "buy_child_order_acceptance_id": "JRF20210305-035013-178604", "sell_child_order_acceptance_id": "JRF20210305-035013-118766"}]
[{"id": 2193110389, "side": "SELL", "price": 5288871.0, "size": 0.01, "exec_date": "2021-03-05T03:50:14.3505846Z", "buy_child_order_acceptance_id": "JRF20210305-035013-137324", "sell_child_order_acceptance_id": "JRF20210305-035014-130764"}]
[{"id": 2193110390, "side": "SELL", "price": 5288871.0, "size": 0.02, "exec_date": "2021-03-05T03:50:14.3505846Z", "buy_child_order_acceptance_id": "JRF20210305-035013-137324", "sell_child_order_acceptance_id": "JRF20210305-035014-034211"}, {"id": 2193110391, "side": "SELL", "price": 5288871.0, "size": 0.02, "exec_date": "2021-03-05T03:50:14.3662088Z", "buy_child_order_acceptance_id": "JRF20210305-035013-137324", "sell_child_order_acceptance_id": "JRF20210305-035014-130765"}]
[{"id": 2193110392, "side": "SELL", "price": 5288871.0, "size": 0.02, "exec_date": "2021-03-05T03:50:14.5091099Z", "buy_child_order_acceptance_id": "JRF20210305-035013-137324", "sell_child_order_acceptance_id": "JRF20210305-035014-134031"}, {"id": 2193110393, "side": "SELL", "price": 5288871.0, "size": 0.01, "exec_date": "2021-03-05T03:50:14.5091099Z", "buy_child_order_acceptance_id": "JRF20210305-035013-137324", "sell_child_order_acceptance_id": "JRF20210305-035014-129904"}]
[{"id": 2193110394, "side": "SELL", "price": 5288871.0, "size": 0.02, "exec_date": "2021-03-05T03:50:14.524735Z", "buy_child_order_acceptance_id": "JRF20210305-035013-137324", "sell_child_order_acceptance_id": "JRF20210305-035014-130766"}]
[{"id": 2193110395, "side": "SELL", "price": 5289026.0, "size": 0.02, "exec_date": "2021-03-05T03:50:14.6341087Z", "buy_child_order_acceptance_id": "JRF20210305-035014-085137", "sell_child_order_acceptance_id": "JRF20210305-035014-067561"}]
[{"id": 2193110396, "side": "SELL", "price": 5288872.0, "size": 0.02, "exec_date": "2021-03-05T03:50:15.1050705Z", "buy_child_order_acceptance_id": "JRF20210305-035014-085138", "sell_child_order_acceptance_id": "JRF20210305-035014-148143"}]
[{"id": 2193110397, "side": "SELL", "price": 5288872.0, "size": 0.01, "exec_date": "2021-03-05T03:50:18.5151882Z", "buy_child_order_acceptance_id": "JRF20210305-035014-085138", "sell_child_order_acceptance_id": "JRF20210305-035018-092774"}]
[{"id": 2193110398, "side": "SELL", "price": 5288872.0, "size": 0.04, "exec_date": "2021-03-05T03:50:18.7368346Z", "buy_child_order_acceptance_id": "JRF20210305-035014-085138", "sell_child_order_acceptance_id": "JRF20210305-035018-157110"}]
[{"id": 2193110399, "side": "SELL", "price": 5288871.0, "size": 0.04, "exec_date": "2021-03-05T03:50:18.9850036Z", "buy_child_order_acceptance_id": "JRF20210305-035013-137324", "sell_child_order_acceptance_id": "JRF20210305-035018-113516"}]
[{"id": 2193110400, "side": "SELL", "price": 5288871.0, "size": 0.04, "exec_date": "2021-03-05T03:50:19.0800157Z", "buy_child_order_acceptance_id": "JRF20210305-035013-137324", "sell_child_order_acceptance_id": "JRF20210305-035018-012465"}]
[{"id": 2193110401, "side": "SELL", "price": 5288712.0, "size": 0.13, "exec_date": "2021-03-05T03:50:19.4144159Z", "buy_child_order_acceptance_id": "JRF20210305-035013-067554", "sell_child_order_acceptance_id": "JRF20210305-035019-131641"}, {"id": 2193110402, "side": "SELL", "price": 5288639.0, "size": 0.09, "exec_date": "2021-03-05T03:50:19.4144159Z", "buy_child_order_acceptance_id": "JRF20210305-035013-137325", "sell_child_order_acceptance_id": "JRF20210305-035019-131641"}, {"id": 2193110403, "side": "SELL", "price": 5288639.0, "size": 0.08, "exec_date": "2021-03-05T03:50:19.4144159Z", "buy_child_order_acceptance_id": "JRF20210305-035013-137325", "sell_child_order_acceptance_id": "JRF20210305-035019-073129"}, {"id": 2193110404, "side": "SELL", "price": 5288593.0, "size": 0.093, "exec_date": "2021-03-05T03:50:19.4144159Z", "buy_child_order_acceptance_id": "JRF20210305-035013-149353", "sell_child_order_acceptance_id": "JRF20210305-035019-073129"}]
[{"id": 2193110405, "side": "SELL", "price": 5288403.0, "size": 0.01, "exec_date": "2021-03-05T03:50:20.1464381Z", "buy_child_order_acceptance_id": "JRF20210305-034924-092622", "sell_child_order_acceptance_id": "JRF20210305-035019-130782"}]
[{"id": 2193110406, "side": "SELL", "price": 5288096.0, "size": 0.03, "exec_date": "2021-03-05T03:50:20.3048528Z", "buy_child_order_acceptance_id": "JRF20210305-034931-078428", "sell_child_order_acceptance_id": "JRF20210305-035020-150205"}]
[{"id": 2193110407, "side": "SELL", "price": 5288096.0, "size": 0.015, "exec_date": "2021-03-05T03:50:20.3226075Z", "buy_child_order_acceptance_id": "JRF20210305-034931-078428", "sell_child_order_acceptance_id": "JRF20210305-035020-118783"}, {"id": 2193110408, "side": "SELL", "price": 5288095.0, "size": 0.022, "exec_date": "2021-03-05T03:50:20.3226075Z", "buy_child_order_acceptance_id": "JRF20210305-034931-160858", "sell_child_order_acceptance_id": "JRF20210305-035020-118783"}, {"id": 2193110409, "side": "SELL", "price": 5288094.0, "size": 0.003, "exec_date": "2021-03-05T03:50:20.3226075Z", "buy_child_order_acceptance_id": "JRF20210305-034931-078427", "sell_child_order_acceptance_id": "JRF20210305-035020-118783"}, {"id": 2193110410, "side": "SELL", "price": 5288094.0, "size": 0.03, "exec_date": "2021-03-05T03:50:20.3538571Z", "buy_child_order_acceptance_id": "JRF20210305-034931-078427", "sell_child_order_acceptance_id": "JRF20210305-035020-012471"}, {"id": 2193110411, "side": "SELL", "price": 5288045.0, "size": 0.02, "exec_date": "2021-03-05T03:50:20.3538571Z", "buy_child_order_acceptance_id": "JRF20210305-035019-092780", "sell_child_order_acceptance_id": "JRF20210305-035020-012471"}]
[{"id": 2193110412, "side": "SELL", "price": 5287930.0, "size": 0.02380617, "exec_date": "2021-03-05T03:50:20.510104Z", "buy_child_order_acceptance_id": "JRF20210305-035011-508300", "sell_child_order_acceptance_id": "JRF20210305-035020-130784"}, {"id": 2193110413, "side": "SELL", "price": 5287930.0, "size": 0.03, "exec_date": "2021-03-05T03:50:20.5257279Z", "buy_child_order_acceptance_id": "JRF20210305-035011-508300", "sell_child_order_acceptance_id": "JRF20210305-035020-134049"}]
[{"id": 2193110414, "side": "SELL", "price": 5287930.0, "size": 0.02619383, "exec_date": "2021-03-05T03:50:20.5257279Z", "buy_child_order_acceptance_id": "JRF20210305-035011-508300", "sell_child_order_acceptance_id": "JRF20210305-035020-096153"}, {"id": 2193110415, "side": "SELL", "price": 5287925.0, "size": 0.03509748, "exec_date": "2021-03-05T03:50:20.5257279Z", "buy_child_order_acceptance_id": "JRF20210305-035000-087818", "sell_child_order_acceptance_id": "JRF20210305-035020-096153"}, {"id": 2193110416, "side": "SELL", "price": 5287810.0, "size": 0.01597972, "exec_date": "2021-03-05T03:50:20.5257279Z", "buy_child_order_acceptance_id": "JRF20210305-035000-087815", "sell_child_order_acceptance_id": "JRF20210305-035020-096153"}, {"id": 2193110417, "side": "SELL", "price": 5287810.0, "size": 0.01597972, "exec_date": "2021-03-05T03:50:20.5257279Z", "buy_child_order_acceptance_id": "JRF20210305-035000-160919", "sell_child_order_acceptance_id": "JRF20210305-035020-096153"}, {"id": 2193110418, "side": "SELL", "price": 5287810.0, "size": 0.01, "exec_date": "2021-03-05T03:50:20.5257279Z", "buy_child_order_acceptance_id": "JRF20210305-035000-178570", "sell_child_order_acceptance_id": "JRF20210305-035020-096153"}, {"id": 2193110419, "side": "SELL", "price": 5287771.0, "size": 0.01, "exec_date": "2021-03-05T03:50:20.5257279Z", "buy_child_order_acceptance_id": "JRF20210305-035000-085105", "sell_child_order_acceptance_id": "JRF20210305-035020-096153"}, {"id": 2193110420, "side": "SELL", "price": 5287483.0, "size": 0.01, "exec_date": "2021-03-05T03:50:20.5257279Z", "buy_child_order_acceptance_id": "JRF20210305-035020-073134", "sell_child_order_acceptance_id": "JRF20210305-035020-096153"}, {"id": 2193110421, "side": "SELL", "price": 5287482.0, "size": 0.07674925, "exec_date": "2021-03-05T03:50:20.5257279Z", "buy_child_order_acceptance_id": "JRF20210305-035019-085144", "sell_child_order_acceptance_id": "JRF20210305-035020-096153"}, {"id": 2193110422, "side": "SELL", "price": 5287482.0, "size": 0.07325075, "exec_date": "2021-03-05T03:50:20.5882265Z", "buy_child_order_acceptance_id": "JRF20210305-035019-085144", "sell_child_order_acceptance_id": "JRF20210305-035020-146190"}, {"id": 2193110423, "side": "SELL", "price": 5287481.0, "size": 0.01, "exec_date": "2021-03-05T03:50:20.5882265Z", "buy_child_order_acceptance_id": "JRF20210305-034800-087486", "sell_child_order_acceptance_id": "JRF20210305-035020-146190"}, {"id": 2193110424, "side": "SELL", "price": 5287481.0, "size": 0.02, "exec_date": "2021-03-05T03:50:20.5882265Z", "buy_child_order_acceptance_id": "JRF20210305-034800-160593", "sell_child_order_acceptance_id": "JRF20210305-035020-146190"}, {"id": 2193110425, "side": "SELL", "price": 5287481.0, "size": 0.02, "exec_date": "2021-03-05T03:50:20.5882265Z", "buy_child_order_acceptance_id": "JRF20210305-034800-103937", "sell_child_order_acceptance_id": "JRF20210305-035020-146190"}, {"id": 2193110426, "side": "SELL", "price": 5287373.0, "size": 0.01, "exec_date": "2021-03-05T03:50:20.5882265Z", "buy_child_order_acceptance_id": "JRF20210305-035001-166909", "sell_child_order_acceptance_id": "JRF20210305-035020-146190"}, {"id": 2193110427, "side": "SELL", "price": 5287304.0, "size": 0.02, "exec_date": "2021-03-05T03:50:20.5882265Z", "buy_child_order_acceptance_id": "JRF20210305-035017-150198", "sell_child_order_acceptance_id": "JRF20210305-035020-146190"}, {"id": 2193110428, "side": "SELL", "price": 5287303.0, "size": 0.02, "exec_date": "2021-03-05T03:50:20.5882265Z", "buy_child_order_acceptance_id": "JRF20210305-035017-074577", "sell_child_order_acceptance_id": "JRF20210305-035020-146190"}, {"id": 2193110429, "side": "SELL", "price": 5287271.0, "size": 0.01, "exec_date": "2021-03-05T03:50:20.5882265Z", "buy_child_order_acceptance_id": "JRF20210305-035018-131639", "sell_child_order_acceptance_id": "JRF20210305-035020-146190"}, {"id": 2193110430, "side": "SELL", "price": 5287269.0, "size": 0.01674925, "exec_date": "2021-03-05T03:50:20.5882265Z", "buy_child_order_acceptance_id": "JRF20210305-035018-166955", "sell_child_order_acceptance_id": "JRF20210305-035020-146190"}]
[{"id": 2193110431, "side": "SELL", "price": 5287269.0, "size": 0.03325075, "exec_date": "2021-03-05T03:50:20.6663464Z", "buy_child_order_acceptance_id": "JRF20210305-035018-166955", "sell_child_order_acceptance_id": "JRF20210305-035020-152642"}, {"id": 2193110432, "side": "SELL", "price": 5287263.0, "size": 0.01, "exec_date": "2021-03-05T03:50:20.6663464Z", "buy_child_order_acceptance_id": "JRF20210305-035019-012469", "sell_child_order_acceptance_id": "JRF20210305-035020-152642"}, {"id": 2193110433, "side": "SELL", "price": 5287229.0, "size": 0.01, "exec_date": "2021-03-05T03:50:20.6663464Z", "buy_child_order_acceptance_id": "JRF20210305-035018-187996", "sell_child_order_acceptance_id": "JRF20210305-035020-152642"}, {"id": 2193110434, "side": "SELL", "price": 5287224.0, "size": 0.11747969, "exec_date": "2021-03-05T03:50:20.6663464Z", "buy_child_order_acceptance_id": "JRF20210305-035018-146180", "sell_child_order_acceptance_id": "JRF20210305-035020-152642"}, {"id": 2193110435, "side": "SELL", "price": 5287214.0, "size": 0.02926956, "exec_date": "2021-03-05T03:50:20.6663464Z", "buy_child_order_acceptance_id": "JRF20210305-035001-134998", "sell_child_order_acceptance_id": "JRF20210305-035020-152642"}]
[{"id": 2193110436, "side": "SELL", "price": 5287214.0, "size": 0.00073044, "exec_date": "2021-03-05T03:50:20.776821Z", "buy_child_order_acceptance_id": "JRF20210305-035001-134998", "sell_child_order_acceptance_id": "JRF20210305-035020-137343"}, {"id": 2193110437, "side": "SELL", "price": 5287210.0, "size": 0.03926956, "exec_date": "2021-03-05T03:50:20.776821Z", "buy_child_order_acceptance_id": "JRF20210305-035019-152632", "sell_child_order_acceptance_id": "JRF20210305-035020-137343"}, {"id": 2193110438, "side": "SELL", "price": 5287210.0, "size": 0.07825372, "exec_date": "2021-03-05T03:50:20.823695Z", "buy_child_order_acceptance_id": "JRF20210305-035019-152632", "sell_child_order_acceptance_id": "JRF20210305-035020-034228"}, {"id": 2193110439, "side": "SELL", "price": 5287203.0, "size": 0.08544418, "exec_date": "2021-03-05T03:50:20.823695Z", "buy_child_order_acceptance_id": "JRF20210305-035018-149364", "sell_child_order_acceptance_id": "JRF20210305-035020-034228"}, {"id": 2193110440, "side": "SELL", "price": 5287198.0, "size": 0.0363021, "exec_date": "2021-03-05T03:50:20.823695Z", "buy_child_order_acceptance_id": "JRF20210305-035018-246321", "sell_child_order_acceptance_id": "JRF20210305-035020-034228"}, {"id": 2193110441, "side": "SELL", "price": 5287198.0, "size": 0.0136979, "exec_date": "2021-03-05T03:50:20.995564Z", "buy_child_order_acceptance_id": "JRF20210305-035018-246321", "sell_child_order_acceptance_id": "JRF20210305-035020-138874"}, {"id": 2193110442, "side": "SELL", "price": 5287197.0, "size": 0.01, "exec_date": "2021-03-05T03:50:20.995564Z", "buy_child_order_acceptance_id": "JRF20210305-035001-130736", "sell_child_order_acceptance_id": "JRF20210305-035020-138874"}, {"id": 2193110443, "side": "SELL", "price": 5287098.0, "size": 0.0163021, "exec_date": "2021-03-05T03:50:20.995564Z", "buy_child_order_acceptance_id": "JRF20210305-035000-246269", "sell_child_order_acceptance_id": "JRF20210305-035020-138874"}, {"id": 2193110444, "side": "SELL", "price": 5287098.0, "size": 0.02619718, "exec_date": "2021-03-05T03:50:20.995564Z", "buy_child_order_acceptance_id": "JRF20210305-035000-246269", "sell_child_order_acceptance_id": "JRF20210305-035020-012473"}, {"id": 2193110445, "side": "SELL", "price": 5286957.0, "size": 0.02, "exec_date": "2021-03-05T03:50:21.0111857Z", "buy_child_order_acceptance_id": "JRF20210305-035018-178612", "sell_child_order_acceptance_id": "JRF20210305-035020-012473"}, {"id": 2193110446, "side": "SELL", "price": 5286853.0, "size": 0.03, "exec_date": "2021-03-05T03:50:21.0111857Z", "buy_child_order_acceptance_id": "JRF20210305-035007-085128", "sell_child_order_acceptance_id": "JRF20210305-035020-012473"}, {"id": 2193110447, "side": "SELL", "price": 5286781.0, "size": 0.025, "exec_date": "2021-03-05T03:50:21.0111857Z", "buy_child_order_acceptance_id": "JRF20210305-035001-078496", "sell_child_order_acceptance_id": "JRF20210305-035020-012473"}, {"id": 2193110448, "side": "SELL", "price": 5286732.0, "size": 0.0125, "exec_date": "2021-03-05T03:50:21.0111857Z", "buy_child_order_acceptance_id": "JRF20210305-034914-078364", "sell_child_order_acceptance_id": "JRF20210305-035020-012473"}, {"id": 2193110449, "side": "SELL", "price": 5286635.0, "size": 0.01, "exec_date": "2021-03-05T03:50:21.0111857Z", "buy_child_order_acceptance_id": "JRF20210305-035019-068460", "sell_child_order_acceptance_id": "JRF20210305-035020-012473"}, {"id": 2193110450, "side": "SELL", "price": 5286634.0, "size": 0.01, "exec_date": "2021-03-05T03:50:21.0111857Z", "buy_child_order_acceptance_id": "JRF20210305-035017-103333", "sell_child_order_acceptance_id": "JRF20210305-035020-012473"}, {"id": 2193110451, "side": "SELL", "price": 5286409.0, "size": 0.06630282, "exec_date": "2021-03-05T03:50:21.0111857Z", "buy_child_order_acceptance_id": "JRF20210305-035016-152628", "sell_child_order_acceptance_id": "JRF20210305-035020-012473"}]
[{"id": 2193110452, "side": "SELL", "price": 5286409.0, "size": 0.03369718, "exec_date": "2021-03-05T03:50:21.2633981Z", "buy_child_order_acceptance_id": "JRF20210305-035016-152628", "sell_child_order_acceptance_id": "JRF20210305-035020-135288"}, {"id": 2193110453, "side": "SELL", "price": 5286387.0, "size": 0.01, "exec_date": "2021-03-05T03:50:21.2633981Z", "buy_child_order_acceptance_id": "JRF20210305-035020-068469", "sell_child_order_acceptance_id": "JRF20210305-035020-135288"}, {"id": 2193110454, "side": "SELL", "price": 5286303.0, "size": 0.01, "exec_date": "2021-03-05T03:50:21.2633981Z", "buy_child_order_acceptance_id": "JRF20210305-035020-068468", "sell_child_order_acceptance_id": "JRF20210305-035020-135288"}, {"id": 2193110455, "side": "SELL", "price": 5286290.0, "size": 0.03, "exec_date": "2021-03-05T03:50:21.2633981Z", "buy_child_order_acceptance_id": "JRF20210305-035018-107688", "sell_child_order_acceptance_id": "JRF20210305-035020-135288"}, {"id": 2193110456, "side": "SELL", "price": 5286279.0, "size": 0.08, "exec_date": "2021-03-05T03:50:21.2633981Z", "buy_child_order_acceptance_id": "JRF20210305-035020-129914", "sell_child_order_acceptance_id": "JRF20210305-035020-135288"}, {"id": 2193110457, "side": "SELL", "price": 5286252.0, "size": 0.01, "exec_date": "2021-03-05T03:50:21.2633981Z", "buy_child_order_acceptance_id": "JRF20210305-035001-079289", "sell_child_order_acceptance_id": "JRF20210305-035020-135288"}, {"id": 2193110458, "side": "SELL", "price": 5286240.0, "size": 0.01, "exec_date": "2021-03-05T03:50:21.2633981Z", "buy_child_order_acceptance_id": "JRF20210305-034900-103098", "sell_child_order_acceptance_id": "JRF20210305-035020-135288"}, {"id": 2193110459, "side": "SELL", "price": 5286240.0, "size": 0.01630282, "exec_date": "2021-03-05T03:50:21.2633981Z", "buy_child_order_acceptance_id": "JRF20210305-034900-103102", "sell_child_order_acceptance_id": "JRF20210305-035020-135288"}, {"id": 2193110460, "side": "SELL", "price": 5286240.0, "size": 0.00369718, "exec_date": "2021-03-05T03:50:21.2633981Z", "buy_child_order_acceptance_id": "JRF20210305-034900-103102", "sell_child_order_acceptance_id": "JRF20210305-035021-157117"}, {"id": 2193110461, "side": "SELL", "price": 5286240.0, "size": 0.02, "exec_date": "2021-03-05T03:50:21.2633981Z", "buy_child_order_acceptance_id": "JRF20210305-034900-160767", "sell_child_order_acceptance_id": "JRF20210305-035021-157117"}, {"id": 2193110462, "side": "SELL", "price": 5286124.0, "size": 0.1, "exec_date": "2021-03-05T03:50:21.2790219Z", "buy_child_order_acceptance_id": "JRF20210305-035019-135282", "sell_child_order_acceptance_id": "JRF20210305-035021-157117"}, {"id": 2193110463, "side": "SELL", "price": 5286010.0, "size": 0.07630282, "exec_date": "2021-03-05T03:50:21.2790219Z", "buy_child_order_acceptance_id": "JRF20210305-035020-152643", "sell_child_order_acceptance_id": "JRF20210305-035021-157117"}, {"id": 2193110464, "side": "SELL", "price": 5286010.0, "size": 0.03232974, "exec_date": "2021-03-05T03:50:21.2790219Z", "buy_child_order_acceptance_id": "JRF20210305-035020-152643", "sell_child_order_acceptance_id": "JRF20210305-035021-150210"}, {"id": 2193110465, "side": "SELL", "price": 5285990.0, "size": 0.1, "exec_date": "2021-03-05T03:50:21.2790219Z", "buy_child_order_acceptance_id": "JRF20210305-034905-508001", "sell_child_order_acceptance_id": "JRF20210305-035021-150210"}, {"id": 2193110466, "side": "SELL", "price": 5285931.0, "size": 0.03, "exec_date": "2021-03-05T03:50:21.2790219Z", "buy_child_order_acceptance_id": "JRF20210305-035018-152631", "sell_child_order_acceptance_id": "JRF20210305-035021-150210"}, {"id": 2193110467, "side": "SELL", "price": 5285883.0, "size": 0.03767026, "exec_date": "2021-03-05T03:50:21.2790219Z", "buy_child_order_acceptance_id": "JRF20210305-035021-078553", "sell_child_order_acceptance_id": "JRF20210305-035021-150210"}]
[{"id": 2193110468, "side": "SELL", "price": 5285883.0, "size": 0.01232974, "exec_date": "2021-03-05T03:50:21.6092332Z", "buy_child_order_acceptance_id": "JRF20210305-035021-078553", "sell_child_order_acceptance_id": "JRF20210305-035021-137346"}, {"id": 2193110469, "side": "SELL", "price": 5285813.0, "size": 0.08, "exec_date": "2021-03-05T03:50:21.6092332Z", "buy_child_order_acceptance_id": "JRF20210305-035020-246330", "sell_child_order_acceptance_id": "JRF20210305-035021-137346"}, {"id": 2193110470, "side": "SELL", "price": 5285693.0, "size": 0.019, "exec_date": "2021-03-05T03:50:21.6092332Z", "buy_child_order_acceptance_id": "JRF20210305-035018-131637", "sell_child_order_acceptance_id": "JRF20210305-035021-137346"}, {"id": 2193110471, "side": "SELL", "price": 5285641.0, "size": 0.01, "exec_date": "2021-03-05T03:50:21.6092332Z", "buy_child_order_acceptance_id": "JRF20210305-035015-034216", "sell_child_order_acceptance_id": "JRF20210305-035021-137346"}, {"id": 2193110472, "side": "SELL", "price": 5285529.0, "size": 0.03, "exec_date": "2021-03-05T03:50:21.6092332Z", "buy_child_order_acceptance_id": "JRF20210305-035001-137299", "sell_child_order_acceptance_id": "JRF20210305-035021-137346"}, {"id": 2193110473, "side": "SELL", "price": 5285527.0, "size": 0.04867026, "exec_date": "2021-03-05T03:50:21.6092332Z", "buy_child_order_acceptance_id": "JRF20210305-035001-148107", "sell_child_order_acceptance_id": "JRF20210305-035021-137346"}, {"id": 2193110474, "side": "SELL", "price": 5285527.0, "size": 0.03370274, "exec_date": "2021-03-05T03:50:21.6092332Z", "buy_child_order_acceptance_id": "JRF20210305-035001-148107", "sell_child_order_acceptance_id": "JRF20210305-035021-133265"}, {"id": 2193110475, "side": "SELL", "price": 5285481.0, "size": 0.01, "exec_date": "2021-03-05T03:50:21.6092332Z", "buy_child_order_acceptance_id": "JRF20210305-035021-092786", "sell_child_order_acceptance_id": "JRF20210305-035021-133265"}, {"id": 2193110476, "side": "SELL", "price": 5285437.0, "size": 0.08, "exec_date": "2021-03-05T03:50:21.6092332Z", "buy_child_order_acceptance_id": "JRF20210305-035020-133260", "sell_child_order_acceptance_id": "JRF20210305-035021-133265"}, {"id": 2193110477, "side": "SELL", "price": 5285431.0, "size": 0.01, "exec_date": "2021-03-05T03:50:21.6092332Z", "buy_child_order_acceptance_id": "JRF20210305-035001-118737", "sell_child_order_acceptance_id": "JRF20210305-035021-133265"}, {"id": 2193110478, "side": "SELL", "price": 5285409.0, "size": 0.03092964, "exec_date": "2021-03-05T03:50:21.6092332Z", "buy_child_order_acceptance_id": "JRF20210305-035001-160922", "sell_child_order_acceptance_id": "JRF20210305-035021-133265"}, {"id": 2193110479, "side": "SELL", "price": 5285403.0, "size": 0.025, "exec_date": "2021-03-05T03:50:21.6092332Z", "buy_child_order_acceptance_id": "JRF20210305-035001-078499", "sell_child_order_acceptance_id": "JRF20210305-035021-133265"}, {"id": 2193110480, "side": "SELL", "price": 5285320.0, "size": 0.01036762, "exec_date": "2021-03-05T03:50:21.6092332Z", "buy_child_order_acceptance_id": "JRF20210305-035000-160918", "sell_child_order_acceptance_id": "JRF20210305-035021-133265"}, {"id": 2193110481, "side": "SELL", "price": 5285320.0, "size": 0.00463238, "exec_date": "2021-03-05T03:50:21.6248576Z", "buy_child_order_acceptance_id": "JRF20210305-035000-160918", "sell_child_order_acceptance_id": "JRF20210305-035021-061436"}, {"id": 2193110482, "side": "SELL", "price": 5285313.0, "size": 0.03029948, "exec_date": "2021-03-05T03:50:21.6248576Z", "buy_child_order_acceptance_id": "JRF20210305-035020-246333", "sell_child_order_acceptance_id": "JRF20210305-035021-061436"}, {"id": 2193110483, "side": "SELL", "price": 5285311.0, "size": 0.07176761, "exec_date": "2021-03-05T03:50:21.6248576Z", "buy_child_order_acceptance_id": "JRF20210305-035020-103342", "sell_child_order_acceptance_id": "JRF20210305-035021-061436"}, {"id": 2193110484, "side": "SELL", "price": 5285252.0, "size": 0.09330053, "exec_date": "2021-03-05T03:50:21.6248576Z", "buy_child_order_acceptance_id": "JRF20210305-035019-137337", "sell_child_order_acceptance_id": "JRF20210305-035021-061436"}]
[{"id": 2193110485, "side": "SELL", "price": 5285252.0, "size": 0.00669947, "exec_date": "2021-03-05T03:50:21.6561065Z", "buy_child_order_acceptance_id": "JRF20210305-035019-137337", "sell_child_order_acceptance_id": "JRF20210305-035021-094009"}, {"id": 2193110486, "side": "SELL", "price": 5285226.0, "size": 0.015, "exec_date": "2021-03-05T03:50:21.6561065Z", "buy_child_order_acceptance_id": "JRF20210305-035000-079282", "sell_child_order_acceptance_id": "JRF20210305-035021-094009"}, {"id": 2193110487, "side": "SELL", "price": 5285226.0, "size": 0.01, "exec_date": "2021-03-05T03:50:21.6561065Z", "buy_child_order_acceptance_id": "JRF20210305-035000-246268", "sell_child_order_acceptance_id": "JRF20210305-035021-094009"}, {"id": 2193110488, "side": "SELL", "price": 5285226.0, "size": 0.00830053, "exec_date": "2021-03-05T03:50:21.6561065Z", "buy_child_order_acceptance_id": "JRF20210305-035001-103279", "sell_child_order_acceptance_id": "JRF20210305-035021-094009"}, {"id": 2193110489, "side": "SELL", "price": 5285226.0, "size": 0.00169947, "exec_date": "2021-03-05T03:50:21.7196871Z", "buy_child_order_acceptance_id": "JRF20210305-035001-103279", "sell_child_order_acceptance_id": "JRF20210305-035021-130789"}, {"id": 2193110490, "side": "SELL", "price": 5285226.0, "size": 0.00830053, "exec_date": "2021-03-05T03:50:21.7196871Z", "buy_child_order_acceptance_id": "JRF20210305-035001-103282", "sell_child_order_acceptance_id": "JRF20210305-035021-130789"}]
[{"id": 2193110491, "side": "SELL", "price": 5285884.0, "size": 0.01, "exec_date": "2021-03-05T03:50:22.4521412Z", "buy_child_order_acceptance_id": "JRF20210305-035022-118792", "sell_child_order_acceptance_id": "JRF20210305-035022-107702"}]
[{"id": 2193110492, "side": "SELL", "price": 5285884.0, "size": 0.01, "exec_date": "2021-03-05T03:50:22.6708784Z", "buy_child_order_acceptance_id": "JRF20210305-035022-118792", "sell_child_order_acceptance_id": "JRF20210305-035022-073147"}]
[{"id": 2193110493, "side": "SELL", "price": 5285884.0, "size": 0.01, "exec_date": "2021-03-05T03:50:22.9220375Z", "buy_child_order_acceptance_id": "JRF20210305-035022-118792", "sell_child_order_acceptance_id": "JRF20210305-035022-148166"}]
[{"id": 2193110494, "side": "SELL", "price": 5285884.0, "size": 0.01, "exec_date": "2021-03-05T03:50:23.0782826Z", "buy_child_order_acceptance_id": "JRF20210305-035022-118792", "sell_child_order_acceptance_id": "JRF20210305-035022-146208"}]
[{"id": 2193110495, "side": "SELL", "price": 5285884.0, "size": 0.01, "exec_date": "2021-03-05T03:50:23.2282216Z", "buy_child_order_acceptance_id": "JRF20210305-035022-118792", "sell_child_order_acceptance_id": "JRF20210305-035023-088626"}]
[{"id": 2193110496, "side": "SELL", "price": 5285980.0, "size": 0.01, "exec_date": "2021-03-05T03:50:23.9211426Z", "buy_child_order_acceptance_id": "JRF20210305-035023-187010", "sell_child_order_acceptance_id": "JRF20210305-035023-138884"}, {"id": 2193110497, "side": "SELL", "price": 5285541.0, "size": 0.01, "exec_date": "2021-03-05T03:50:23.9211426Z", "buy_child_order_acceptance_id": "JRF20210305-035022-246342", "sell_child_order_acceptance_id": "JRF20210305-035023-138884"}, {"id": 2193110498, "side": "SELL", "price": 5285253.0, "size": 0.02, "exec_date": "2021-03-05T03:50:23.9211426Z", "buy_child_order_acceptance_id": "JRF20210305-035022-129922", "sell_child_order_acceptance_id": "JRF20210305-035023-138884"}]
[{"id": 2193110499, "side": "SELL", "price": 5285229.0, "size": 0.01, "exec_date": "2021-03-05T03:50:23.952396Z", "buy_child_order_acceptance_id": "JRF20210305-035023-137354", "sell_child_order_acceptance_id": "JRF20210305-035023-134060"}, {"id": 2193110500, "side": "SELL", "price": 5285229.0, "size": 0.01, "exec_date": "2021-03-05T03:50:23.952396Z", "buy_child_order_acceptance_id": "JRF20210305-035023-137354", "sell_child_order_acceptance_id": "JRF20210305-035023-034234"}]
[{"id": 2193110501, "side": "SELL", "price": 5285229.0, "size": 0.04, "exec_date": "2021-03-05T03:50:24.6307708Z", "buy_child_order_acceptance_id": "JRF20210305-035023-137354", "sell_child_order_acceptance_id": "JRF20210305-035024-146215"}]
[{"id": 2193110502, "side": "SELL", "price": 5285229.0, "size": 0.04, "exec_date": "2021-03-05T03:50:24.6307708Z", "buy_child_order_acceptance_id": "JRF20210305-035023-137354", "sell_child_order_acceptance_id": "JRF20210305-035024-138888"}]
[{"id": 2193110503, "side": "BUY", "price": 5287201.0, "size": 0.0378, "exec_date": "2021-03-05T03:50:25.7466964Z", "buy_child_order_acceptance_id": "JRF20210305-035025-160008", "sell_child_order_acceptance_id": "JRF20210305-035025-061448"}]
[{"id": 2193110504, "side": "BUY", "price": 5287673.0, "size": 0.01, "exec_date": "2021-03-05T03:50:25.793568Z", "buy_child_order_acceptance_id": "JRF20210305-035025-146218", "sell_child_order_acceptance_id": "JRF20210305-035025-160006"}, {"id": 2193110505, "side": "BUY", "price": 5287674.0, "size": 0.02, "exec_date": "2021-03-05T03:50:25.793568Z", "buy_child_order_acceptance_id": "JRF20210305-035025-146218", "sell_child_order_acceptance_id": "JRF20210305-035025-012488"}, {"id": 2193110506, "side": "BUY", "price": 5287675.0, "size": 0.02, "exec_date": "2021-03-05T03:50:25.793568Z", "buy_child_order_acceptance_id": "JRF20210305-035025-146218", "sell_child_order_acceptance_id": "JRF20210305-035024-152660"}]
[{"id": 2193110507, "side": "BUY", "price": 5287675.0, "size": 0.04, "exec_date": "2021-03-05T03:50:25.8560648Z", "buy_child_order_acceptance_id": "JRF20210305-035025-105302", "sell_child_order_acceptance_id": "JRF20210305-035024-152660"}]
[{"id": 2193110508, "side": "SELL", "price": 5287002.0, "size": 0.01798883, "exec_date": "2021-03-05T03:50:25.8873123Z", "buy_child_order_acceptance_id": "JRF20210305-035025-246349", "sell_child_order_acceptance_id": "JRF20210305-035025-103355"}]
[{"id": 2193110509, "side": "SELL", "price": 5287201.0, "size": 0.04, "exec_date": "2021-03-05T03:50:25.9654354Z", "buy_child_order_acceptance_id": "JRF20210305-035025-068490", "sell_child_order_acceptance_id": "JRF20210305-035025-074600"}, {"id": 2193110510, "side": "SELL", "price": 5287002.0, "size": 0.01, "exec_date": "2021-03-05T03:50:25.9654354Z", "buy_child_order_acceptance_id": "JRF20210305-035025-246349", "sell_child_order_acceptance_id": "JRF20210305-035025-074600"}]
[{"id": 2193110511, "side": "BUY", "price": 5287674.0, "size": 0.01, "exec_date": "2021-03-05T03:50:26.152925Z", "buy_child_order_acceptance_id": "JRF20210305-035026-187018", "sell_child_order_acceptance_id": "JRF20210305-035025-133278"}, {"id": 2193110512, "side": "BUY", "price": 5287675.0, "size": 0.09, "exec_date": "2021-03-05T03:50:26.152925Z", "buy_child_order_acceptance_id": "JRF20210305-035026-187018", "sell_child_order_acceptance_id": "JRF20210305-035024-152660"}, {"id": 2193110513, "side": "BUY", "price": 5287699.0, "size": 0.01, "exec_date": "2021-03-05T03:50:26.152925Z", "buy_child_order_acceptance_id": "JRF20210305-035026-187018", "sell_child_order_acceptance_id": "JRF20210305-035022-160997"}, {"id": 2193110514, "side": "BUY", "price": 5287704.0, "size": 0.01, "exec_date": "2021-03-05T03:50:26.152925Z", "buy_child_order_acceptance_id": "JRF20210305-035026-187018", "sell_child_order_acceptance_id": "JRF20210305-035022-068483"}, {"id": 2193110515, "side": "BUY", "price": 5287757.0, "size": 0.034, "exec_date": "2021-03-05T03:50:26.152925Z", "buy_child_order_acceptance_id": "JRF20210305-035026-187018", "sell_child_order_acceptance_id": "JRF20210305-035025-148175"}, {"id": 2193110516, "side": "BUY", "price": 5287811.0, "size": 0.01, "exec_date": "2021-03-05T03:50:26.152925Z", "buy_child_order_acceptance_id": "JRF20210305-035026-187018", "sell_child_order_acceptance_id": "JRF20210305-035023-130796"}, {"id": 2193110517, "side": "BUY", "price": 5287871.0, "size": 0.02, "exec_date": "2021-03-05T03:50:26.152925Z", "buy_child_order_acceptance_id": "JRF20210305-035026-187018", "sell_child_order_acceptance_id": "JRF20210305-035022-146200"}, {"id": 2193110518, "side": "BUY", "price": 5287901.0, "size": 0.048, "exec_date": "2021-03-05T03:50:26.152925Z", "buy_child_order_acceptance_id": "JRF20210305-035026-187018", "sell_child_order_acceptance_id": "JRF20210305-035025-034242"}, {"id": 2193110519, "side": "BUY", "price": 5287915.0, "size": 0.04, "exec_date": "2021-03-05T03:50:26.152925Z", "buy_child_order_acceptance_id": "JRF20210305-035026-187018", "sell_child_order_acceptance_id": "JRF20210305-035022-068476"}, {"id": 2193110520, "side": "BUY", "price": 5287915.0, "size": 0.04, "exec_date": "2021-03-05T03:50:26.152925Z", "buy_child_order_acceptance_id": "JRF20210305-035026-187018", "sell_child_order_acceptance_id": "JRF20210305-035022-187008"}, {"id": 2193110521, "side": "BUY", "price": 5287920.0, "size": 0.05, "exec_date": "2021-03-05T03:50:26.152925Z", "buy_child_order_acceptance_id": "JRF20210305-035026-187018", "sell_child_order_acceptance_id": "JRF20210305-035025-087915"}, {"id": 2193110522, "side": "BUY", "price": 5288218.0, "size": 0.017, "exec_date": "2021-03-05T03:50:26.152925Z", "buy_child_order_acceptance_id": "JRF20210305-035026-187018", "sell_child_order_acceptance_id": "JRF20210305-035025-160007"}, {"id": 2193110523, "side": "BUY", "price": 5288474.0, "size": 0.008, "exec_date": "2021-03-05T03:50:26.152925Z", "buy_child_order_acceptance_id": "JRF20210305-035026-187018", "sell_child_order_acceptance_id": "JRF20210305-035026-187017"}]
[{"id": 2193110524, "side": "BUY", "price": 5288474.0, "size": 0.002, "exec_date": "2021-03-05T03:50:26.3900767Z", "buy_child_order_acceptance_id": "JRF20210305-035026-082657", "sell_child_order_acceptance_id": "JRF20210305-035026-187017"}, {"id": 2193110525, "side": "BUY", "price": 5288505.0, "size": 0.028, "exec_date": "2021-03-05T03:50:26.3900767Z", "buy_child_order_acceptance_id": "JRF20210305-035026-082657", "sell_child_order_acceptance_id": "JRF20210305-035025-187014"}]
[{"id": 2193110526, "side": "SELL", "price": 5287857.0, "size": 0.05, "exec_date": "2021-03-05T03:50:26.8755301Z", "buy_child_order_acceptance_id": "JRF20210305-035026-187019", "sell_child_order_acceptance_id": "JRF20210305-035026-130802"}]
[{"id": 2193110527, "side": "SELL", "price": 5287372.0, "size": 0.01, "exec_date": "2021-03-05T03:50:27.3486117Z", "buy_child_order_acceptance_id": "JRF20210305-035026-178646", "sell_child_order_acceptance_id": "JRF20210305-035027-087921"}]
[{"id": 2193110528, "side": "SELL", "price": 5287372.0, "size": 0.02, "exec_date": "2021-03-05T03:50:27.6454756Z", "buy_child_order_acceptance_id": "JRF20210305-035026-178646", "sell_child_order_acceptance_id": "JRF20210305-035027-135313"}, {"id": 2193110529, "side": "SELL", "price": 5287372.0, "size": 0.01, "exec_date": "2021-03-05T03:50:27.6454756Z", "buy_child_order_acceptance_id": "JRF20210305-035026-178645", "sell_child_order_acceptance_id": "JRF20210305-035027-135313"}, {"id": 2193110530, "side": "SELL", "price": 5287005.0, "size": 0.01, "exec_date": "2021-03-05T03:50:27.6454756Z", "buy_child_order_acceptance_id": "JRF20210305-035026-105306", "sell_child_order_acceptance_id": "JRF20210305-035027-135313"}]
[{"id": 2193110531, "side": "SELL", "price": 5287002.0, "size": 0.01, "exec_date": "2021-03-05T03:50:27.9434593Z", "buy_child_order_acceptance_id": "JRF20210305-035025-246349", "sell_child_order_acceptance_id": "JRF20210305-035027-088638"}]
[{"id": 2193110532, "side": "SELL", "price": 5287002.0, "size": 0.1, "exec_date": "2021-03-05T03:50:27.9747049Z", "buy_child_order_acceptance_id": "JRF20210305-035025-246349", "sell_child_order_acceptance_id": "JRF20210305-035027-074605"}, {"id": 2193110533, "side": "SELL", "price": 5287002.0, "size": 0.04, "exec_date": "2021-03-05T03:50:27.9903323Z", "buy_child_order_acceptance_id": "JRF20210305-035025-246349", "sell_child_order_acceptance_id": "JRF20210305-035027-061454"}]
[{"id": 2193110534, "side": "SELL", "price": 5287002.0, "size": 0.11, "exec_date": "2021-03-05T03:50:28.1153261Z", "buy_child_order_acceptance_id": "JRF20210305-035025-246349", "sell_child_order_acceptance_id": "JRF20210305-035027-113551"}, {"id": 2193110535, "side": "SELL", "price": 5287002.0, "size": 0.1, "exec_date": "2021-03-05T03:50:28.1153261Z", "buy_child_order_acceptance_id": "JRF20210305-035025-246349", "sell_child_order_acceptance_id": "JRF20210305-035027-129935"}, {"id": 2193110536, "side": "SELL", "price": 5287002.0, "size": 0.11, "exec_date": "2021-03-05T03:50:28.1153261Z", "buy_child_order_acceptance_id": "JRF20210305-035025-246349", "sell_child_order_acceptance_id": "JRF20210305-035027-146232"}]
[{"id": 2193110537, "side": "SELL", "price": 5286728.0, "size": 0.02, "exec_date": "2021-03-05T03:50:28.3229386Z", "buy_child_order_acceptance_id": "JRF20210305-035025-160009", "sell_child_order_acceptance_id": "JRF20210305-035028-092803"}]
[{"id": 2193110538, "side": "BUY", "price": 5286999.0, "size": 0.01, "exec_date": "2021-03-05T03:50:31.0513169Z", "buy_child_order_acceptance_id": "JRF20210305-035030-113562", "sell_child_order_acceptance_id": "JRF20210305-035029-146239"}, {"id": 2193110539, "side": "BUY", "price": 5286999.0, "size": 0.03, "exec_date": "2021-03-05T03:50:31.0513169Z", "buy_child_order_acceptance_id": "JRF20210305-035030-113562", "sell_child_order_acceptance_id": "JRF20210305-035030-149401"}, {"id": 2193110540, "side": "BUY", "price": 5287002.0, "size": 0.01, "exec_date": "2021-03-05T03:50:31.0513169Z", "buy_child_order_acceptance_id": "JRF20210305-035030-113562", "sell_child_order_acceptance_id": "JRF20210305-035028-079370"}, {"id": 2193110541, "side": "BUY", "price": 5287069.0, "size": 0.05, "exec_date": "2021-03-05T03:50:31.0513169Z", "buy_child_order_acceptance_id": "JRF20210305-035030-113562", "sell_child_order_acceptance_id": "JRF20210305-035028-246358"}]
[{"id": 2193110542, "side": "BUY", "price": 5287638.0, "size": 0.02, "exec_date": "2021-03-05T03:50:31.481875Z", "buy_child_order_acceptance_id": "JRF20210305-035031-002281", "sell_child_order_acceptance_id": "JRF20210305-035027-079363"}]
[{"id": 2193110543, "side": "SELL", "price": 5286958.0, "size": 0.01, "exec_date": "2021-03-05T03:50:31.8892133Z", "buy_child_order_acceptance_id": "JRF20210305-035031-087937", "sell_child_order_acceptance_id": "JRF20210305-035031-157154"}]
[{"id": 2193110544, "side": "SELL", "price": 5286958.0, "size": 0.02, "exec_date": "2021-03-05T03:50:31.9673359Z", "buy_child_order_acceptance_id": "JRF20210305-035031-087937", "sell_child_order_acceptance_id": "JRF20210305-035031-092814"}]
[{"id": 2193110545, "side": "SELL", "price": 5286081.0, "size": 0.1223, "exec_date": "2021-03-05T03:50:32.2184539Z", "buy_child_order_acceptance_id": "JRF20210305-035031-078590", "sell_child_order_acceptance_id": "JRF20210305-035032-107733"}]
[{"id": 2193110546, "side": "BUY", "price": 5286383.0, "size": 0.05, "exec_date": "2021-03-05T03:50:33.1747272Z", "buy_child_order_acceptance_id": "JRF20210305-035033-105329", "sell_child_order_acceptance_id": "JRF20210305-035032-087940"}]
[{"id": 2193110547, "side": "BUY", "price": 5287623.0, "size": 0.066, "exec_date": "2021-03-05T03:50:34.5176811Z", "buy_child_order_acceptance_id": "JRF20210305-035034-008273", "sell_child_order_acceptance_id": "JRF20210305-035034-152692"}]
[{"id": 2193110548, "side": "SELL", "price": 5286468.0, "size": 0.01, "exec_date": "2021-03-05T03:50:34.700542Z", "buy_child_order_acceptance_id": "JRF20210305-035034-166007", "sell_child_order_acceptance_id": "JRF20210305-035034-105333"}, {"id": 2193110549, "side": "SELL", "price": 5286081.0, "size": 5.5e-05, "exec_date": "2021-03-05T03:50:34.700542Z", "buy_child_order_acceptance_id": "JRF20210305-035031-078590", "sell_child_order_acceptance_id": "JRF20210305-035034-105333"}, {"id": 2193110550, "side": "BUY", "price": 5286081.0, "size": 0.009945, "exec_date": "2021-03-05T03:50:34.700542Z", "buy_child_order_acceptance_id": "JRF20210305-035034-103383", "sell_child_order_acceptance_id": "JRF20210305-035034-105333"}]
[{"id": 2193110551, "side": "SELL", "price": 5286468.0, "size": 0.01, "exec_date": "2021-03-05T03:50:35.5615892Z", "buy_child_order_acceptance_id": "JRF20210305-035034-103383", "sell_child_order_acceptance_id": "JRF20210305-035035-034273"}]
[{"id": 2193110552, "side": "SELL", "price": 5286468.0, "size": 0.01, "exec_date": "2021-03-05T03:50:35.6240884Z", "buy_child_order_acceptance_id": "JRF20210305-035034-103383", "sell_child_order_acceptance_id": "JRF20210305-035035-107740"}]
[{"id": 2193110553, "side": "BUY", "price": 5287510.0, "size": 0.04, "exec_date": "2021-03-05T03:50:37.5752643Z", "buy_child_order_acceptance_id": "JRF20210305-035037-138930", "sell_child_order_acceptance_id": "JRF20210305-035035-034271"}]
[{"id": 2193110554, "side": "BUY", "price": 5287510.0, "size": 0.05, "exec_date": "2021-03-05T03:50:37.6065124Z", "buy_child_order_acceptance_id": "JRF20210305-035037-034281", "sell_child_order_acceptance_id": "JRF20210305-035035-034271"}, {"id": 2193110555, "side": "BUY", "price": 5287510.0, "size": 0.03, "exec_date": "2021-03-05T03:50:37.6065124Z", "buy_child_order_acceptance_id": "JRF20210305-035037-138931", "sell_child_order_acceptance_id": "JRF20210305-035035-034271"}, {"id": 2193110556, "side": "BUY", "price": 5287510.0, "size": 0.03, "exec_date": "2021-03-05T03:50:37.6065124Z", "buy_child_order_acceptance_id": "JRF20210305-035037-105336", "sell_child_order_acceptance_id": "JRF20210305-035035-034271"}, {"id": 2193110557, "side": "BUY", "price": 5287632.0, "size": 0.01, "exec_date": "2021-03-05T03:50:37.6065124Z", "buy_child_order_acceptance_id": "JRF20210305-035037-105336", "sell_child_order_acceptance_id": "JRF20210305-035037-137387"}, {"id": 2193110558, "side": "BUY", "price": 5287633.0, "size": 0.02, "exec_date": "2021-03-05T03:50:37.6065124Z", "buy_child_order_acceptance_id": "JRF20210305-035037-105336", "sell_child_order_acceptance_id": "JRF20210305-035032-134083"}, {"id": 2193110559, "side": "BUY", "price": 5287634.0, "size": 0.01, "exec_date": "2021-03-05T03:50:37.6065124Z", "buy_child_order_acceptance_id": "JRF20210305-035037-105336", "sell_child_order_acceptance_id": "JRF20210305-035034-094052"}, {"id": 2193110560, "side": "BUY", "price": 5287670.0, "size": 0.03, "exec_date": "2021-03-05T03:50:37.6065124Z", "buy_child_order_acceptance_id": "JRF20210305-035037-105336", "sell_child_order_acceptance_id": "JRF20210305-035034-118833"}, {"id": 2193110561, "side": "BUY", "price": 5287670.0, "size": 0.04, "exec_date": "2021-03-05T03:50:37.6221375Z", "buy_child_order_acceptance_id": "JRF20210305-035037-092827", "sell_child_order_acceptance_id": "JRF20210305-035034-118833"}, {"id": 2193110562, "side": "BUY", "price": 5287670.0, "size": 0.04, "exec_date": "2021-03-05T03:50:37.6221375Z", "buy_child_order_acceptance_id": "JRF20210305-035037-094054", "sell_child_order_acceptance_id": "JRF20210305-035034-118833"}]
[{"id": 2193110563, "side": "BUY", "price": 5287670.0, "size": 0.01397122, "exec_date": "2021-03-05T03:50:37.6377599Z", "buy_child_order_acceptance_id": "JRF20210305-035037-113575", "sell_child_order_acceptance_id": "JRF20210305-035034-118833"}, {"id": 2193110564, "side": "BUY", "price": 5287759.0, "size": 0.01602878, "exec_date": "2021-03-05T03:50:37.6377599Z", "buy_child_order_acceptance_id": "JRF20210305-035037-113575", "sell_child_order_acceptance_id": "JRF20210305-035033-012503"}, {"id": 2193110565, "side": "BUY", "price": 5287759.0, "size": 0.01, "exec_date": "2021-03-05T03:50:37.6690108Z", "buy_child_order_acceptance_id": "JRF20210305-035037-133311", "sell_child_order_acceptance_id": "JRF20210305-035033-012503"}]
[{"id": 2193110566, "side": "BUY", "price": 5287759.0, "size": 0.08369011, "exec_date": "2021-03-05T03:50:37.7638464Z", "buy_child_order_acceptance_id": "JRF20210305-035037-150254", "sell_child_order_acceptance_id": "JRF20210305-035033-012503"}]
[{"id": 2193110567, "side": "BUY", "price": 5287920.0, "size": 0.05, "exec_date": "2021-03-05T03:50:37.7794726Z", "buy_child_order_acceptance_id": "JRF20210305-035037-107745", "sell_child_order_acceptance_id": "JRF20210305-035031-113565"}]
[{"id": 2193110568, "side": "BUY", "price": 5287927.0, "size": 0.01, "exec_date": "2021-03-05T03:50:38.0450882Z", "buy_child_order_acceptance_id": "JRF20210305-035037-061481", "sell_child_order_acceptance_id": "JRF20210305-035037-073175"}]
[{"id": 2193110569, "side": "SELL", "price": 5286730.0, "size": 0.01, "exec_date": "2021-03-05T03:50:39.0838077Z", "buy_child_order_acceptance_id": "JRF20210305-035037-178673", "sell_child_order_acceptance_id": "JRF20210305-035038-096198"}]
[{"id": 2193110570, "side": "SELL", "price": 5286730.0, "size": 0.02, "exec_date": "2021-03-05T03:50:39.2567786Z", "buy_child_order_acceptance_id": "JRF20210305-035037-178673", "sell_child_order_acceptance_id": "JRF20210305-035039-074639"}, {"id": 2193110571, "side": "SELL", "price": 5286573.0, "size": 0.01, "exec_date": "2021-03-05T03:50:39.2567786Z", "buy_child_order_acceptance_id": "JRF20210305-035037-149415", "sell_child_order_acceptance_id": "JRF20210305-035039-074639"}, {"id": 2193110572, "side": "SELL", "price": 5286573.0, "size": 0.04, "exec_date": "2021-03-05T03:50:39.2567786Z", "buy_child_order_acceptance_id": "JRF20210305-035037-149415", "sell_child_order_acceptance_id": "JRF20210305-035039-113577"}]
[{"id": 2193110573, "side": "SELL", "price": 5286518.0, "size": 0.03, "exec_date": "2021-03-05T03:50:39.3128896Z", "buy_child_order_acceptance_id": "JRF20210305-035037-079394", "sell_child_order_acceptance_id": "JRF20210305-035039-146257"}]
[{"id": 2193110574, "side": "BUY", "price": 5287159.0, "size": 0.01, "exec_date": "2021-03-05T03:50:40.4332093Z", "buy_child_order_acceptance_id": "JRF20210305-035040-088669", "sell_child_order_acceptance_id": "JRF20210305-035039-105341"}]
[{"id": 2193110575, "side": "BUY", "price": 5287510.0, "size": 0.04, "exec_date": "2021-03-05T03:50:40.8249605Z", "buy_child_order_acceptance_id": "JRF20210305-035040-082692", "sell_child_order_acceptance_id": "JRF20210305-035037-073176"}, {"id": 2193110576, "side": "BUY", "price": 5287510.0, "size": 0.04, "exec_date": "2021-03-05T03:50:40.8249605Z", "buy_child_order_acceptance_id": "JRF20210305-035040-082692", "sell_child_order_acceptance_id": "JRF20210305-035039-085201"}]
[{"id": 2193110577, "side": "SELL", "price": 5287199.0, "size": 0.04, "exec_date": "2021-03-05T03:50:42.0308156Z", "buy_child_order_acceptance_id": "JRF20210305-035041-134112", "sell_child_order_acceptance_id": "JRF20210305-035041-137398"}, {"id": 2193110578, "side": "SELL", "price": 5287199.0, "size": 0.04, "exec_date": "2021-03-05T03:50:42.0308156Z", "buy_child_order_acceptance_id": "JRF20210305-035041-134112", "sell_child_order_acceptance_id": "JRF20210305-035041-113585"}]
[{"id": 2193110579, "side": "SELL", "price": 5287199.0, "size": 0.02, "exec_date": "2021-03-05T03:50:42.0464404Z", "buy_child_order_acceptance_id": "JRF20210305-035041-134112", "sell_child_order_acceptance_id": "JRF20210305-035041-148216"}, {"id": 2193110580, "side": "SELL", "price": 5287098.0, "size": 0.02, "exec_date": "2021-03-05T03:50:42.0464404Z", "buy_child_order_acceptance_id": "JRF20210305-035041-082699", "sell_child_order_acceptance_id": "JRF20210305-035041-148216"}, {"id": 2193110581, "side": "SELL", "price": 5286520.0, "size": 0.0508, "exec_date": "2021-03-05T03:50:42.0464404Z", "buy_child_order_acceptance_id": "JRF20210305-035041-082700", "sell_child_order_acceptance_id": "JRF20210305-035041-148216"}, {"id": 2193110582, "side": "SELL", "price": 5286470.0, "size": 0.0092, "exec_date": "2021-03-05T03:50:42.0464404Z", "buy_child_order_acceptance_id": "JRF20210305-035038-107749", "sell_child_order_acceptance_id": "JRF20210305-035041-148216"}, {"id": 2193110583, "side": "SELL", "price": 5286470.0, "size": 0.0008, "exec_date": "2021-03-05T03:50:42.0464404Z", "buy_child_order_acceptance_id": "JRF20210305-035038-107749", "sell_child_order_acceptance_id": "JRF20210305-035041-107762"}, {"id": 2193110584, "side": "SELL", "price": 5286468.0, "size": 5.5e-05, "exec_date": "2021-03-05T03:50:42.0464404Z", "buy_child_order_acceptance_id": "JRF20210305-035034-103383", "sell_child_order_acceptance_id": "JRF20210305-035041-107762"}, {"id": 2193110585, "side": "SELL", "price": 5286008.0, "size": 0.049145, "exec_date": "2021-03-05T03:50:42.0464404Z", "buy_child_order_acceptance_id": "JRF20210305-035041-135346", "sell_child_order_acceptance_id": "JRF20210305-035041-107762"}, {"id": 2193110586, "side": "SELL", "price": 5286008.0, "size": 0.02, "exec_date": "2021-03-05T03:50:42.0464404Z", "buy_child_order_acceptance_id": "JRF20210305-035041-135346", "sell_child_order_acceptance_id": "JRF20210305-035041-073187"}, {"id": 2193110587, "side": "SELL", "price": 5286008.0, "size": 0.1, "exec_date": "2021-03-05T03:50:42.0464404Z", "buy_child_order_acceptance_id": "JRF20210305-035041-135346", "sell_child_order_acceptance_id": "JRF20210305-035041-012521"}, {"id": 2193110588, "side": "SELL", "price": 5286008.0, "size": 0.02377464, "exec_date": "2021-03-05T03:50:42.062065Z", "buy_child_order_acceptance_id": "JRF20210305-035041-135346", "sell_child_order_acceptance_id": "JRF20210305-035041-113586"}, {"id": 2193110589, "side": "SELL", "price": 5285842.0, "size": 0.00622536, "exec_date": "2021-03-05T03:50:42.062065Z", "buy_child_order_acceptance_id": "JRF20210305-035025-187016", "sell_child_order_acceptance_id": "JRF20210305-035041-113586"}]
