[{"id": 2193106893, "side": "SELL", "price": 5097363.0, "size": 0.02, "exec_date": "2021-03-05T03:49:12.1848936Z", "buy_child_order_acceptance_id": "JRF20210305-034902-270341", "sell_child_order_acceptance_id": "JRF20210305-034911-178438"}]
[{"id": 2193106894, "side": "BUY", "price": 5098963.0, "size": 0.001, "exec_date": "2021-03-05T03:49:12.6641967Z", "buy_child_order_acceptance_id": "JRF20210305-034912-087707", "sell_child_order_acceptance_id": "JRF20210305-034912-082480"}]
[{"id": 2193106896, "side": "SELL", "price": 5097363.0, "size": 0.06360198, "exec_date": "2021-03-05T03:49:15.1837734Z", "buy_child_order_acceptance_id": "JRF20210305-034902-270341", "sell_child_order_acceptance_id": "JRF20210305-034914-129749"}]
[{"id": 2193106897, "side": "BUY", "price": 5097823.0, "size": 0.03, "exec_date": "2021-03-05T03:49:15.2775111Z", "buy_child_order_acceptance_id": "JRF20210305-034915-146033", "sell_child_order_acceptance_id": "JRF20210305-034914-096023"}]
[{"id": 2193106898, "side": "BUY", "price": 5097821.0, "size": 0.02, "exec_date": "2021-03-05T03:49:16.4480452Z", "buy_child_order_acceptance_id": "JRF20210305-034916-010690", "sell_child_order_acceptance_id": "JRF20210305-034916-146042"}, {"id": 2193106899, "side": "BUY", "price": 5097822.0, "size": 0.02, "exec_date": "2021-03-05T03:49:16.4480452Z", "buy_child_order_acceptance_id": "JRF20210305-034916-010690", "sell_child_order_acceptance_id": "JRF20210305-034915-133107"}, {"id": 2193106900, "side": "BUY", "price": 5099305.0, "size": 0.01, "exec_date": "2021-03-05T03:49:16.4480452Z", "buy_child_order_acceptance_id": "JRF20210305-034916-010690", "sell_child_order_acceptance_id": "JRF20210305-034916-073979"}]
[{"id": 2193106901, "side": "SELL", "price": 5097363.0, "size": 0.0077, "exec_date": "2021-03-05T03:49:16.4949242Z", "buy_child_order_acceptance_id": "JRF20210305-034902-270341", "sell_child_order_acceptance_id": "JRF20210305-034916-096028"}]
[{"id": 2193106908, "side": "SELL", "price": 5097363.0, "size": 0.0144, "exec_date": "2021-03-05T03:49:18.2737602Z", "buy_child_order_acceptance_id": "JRF20210305-034902-270341", "sell_child_order_acceptance_id": "JRF20210305-034918-014726"}]
[{"id": 2193106909, "side": "SELL", "price": 5097363.0, "size": 0.07429802, "exec_date": "2021-03-05T03:49:19.1015585Z", "buy_child_order_acceptance_id": "JRF20210305-034902-270341", "sell_child_order_acceptance_id": "JRF20210305-034918-138704"}]
[{"id": 2193106910, "side": "SELL", "price": 5096322.0, "size": 0.135, "exec_date": "2021-03-05T03:49:19.6952427Z", "buy_child_order_acceptance_id": "JRF20210305-034857-011714", "sell_child_order_acceptance_id": "JRF20210305-034919-152502"}, {"id": 2193106911, "side": "SELL", "price": 5096322.0, "size": 0.035, "exec_date": "2021-03-05T03:49:19.6952427Z", "buy_child_order_acceptance_id": "JRF20210305-034912-029191", "sell_child_order_acceptance_id": "JRF20210305-034919-152502"}]
[{"id": 2193106916, "side": "BUY", "price": 5094816.0, "size": 0.01, "exec_date": "2021-03-05T03:49:33.461248Z", "buy_child_order_acceptance_id": "JRF20210305-034933-010697", "sell_child_order_acceptance_id": "JRF20210305-034933-137242"}]
[{"id": 2193106917, "side": "BUY", "price": 5094816.0, "size": 0.01, "exec_date": "2021-03-05T03:49:33.9782012Z", "buy_child_order_acceptance_id": "JRF20210305-034933-012364", "sell_child_order_acceptance_id": "JRF20210305-034933-137242"}]
[{"id": 2193106920, "side": "BUY", "price": 5094580.0, "size": 0.02, "exec_date": "2021-03-05T03:49:45.4334445Z", "buy_child_order_acceptance_id": "JRF20210305-034945-012383", "sell_child_order_acceptance_id": "JRF20210305-034945-087781"}, {"id": 2193106921, "side": "BUY", "price": 5095573.0, "size": 0.02, "exec_date": "2021-03-05T03:49:45.4334445Z", "buy_child_order_acceptance_id": "JRF20210305-034945-012383", "sell_child_order_acceptance_id": "JRF20210305-034942-148076"}]
[{"id": 2193106923, "side": "BUY", "price": 5096322.0, "size": 0.01, "exec_date": "2021-03-05T03:49:48.9775863Z", "buy_child_order_acceptance_id": "JRF20210305-034948-067510", "sell_child_order_acceptance_id": "JRF20210305-034930-030219"}, {"id": 2193106924, "side": "BUY", "price": 5096322.0, "size": 0.079, "exec_date": "2021-03-05T03:49:48.9775863Z", "buy_child_order_acceptance_id": "JRF20210305-034948-067510", "sell_child_order_acceptance_id": "JRF20210305-034932-010696"}]
[{"id": 2193106926, "side": "BUY", "price": 5097118.0, "size": 0.01, "exec_date": "2021-03-05T03:49:53.8793652Z", "buy_child_order_acceptance_id": "JRF20210305-034953-010701", "sell_child_order_acceptance_id": "JRF20210305-034949-085089"}]
[{"id": 2193106927, "side": "BUY", "price": 5097118.0, "size": 0.001, "exec_date": "2021-03-05T03:49:56.8283732Z", "buy_child_order_acceptance_id": "JRF20210305-034956-088555", "sell_child_order_acceptance_id": "JRF20210305-034949-085089"}]
[{"id": 2193106929, "side": "SELL", "price": 5095573.0, "size": 0.02, "exec_date": "2021-03-05T03:50:08.572619Z", "buy_child_order_acceptance_id": "JRF20210305-034959-091647", "sell_child_order_acceptance_id": "JRF20210305-035008-082608"}]
[{"id": 2193106930, "side": "SELL", "price": 5095000.0, "size": 0.02, "exec_date": "2021-03-05T03:50:09.0223578Z", "buy_child_order_acceptance_id": "JRF20210305-034945-002277", "sell_child_order_acceptance_id": "JRF20210305-035008-068431"}]
[{"id": 2193106932, "side": "SELL", "price": 5095000.0, "size": 0.002, "exec_date": "2021-03-05T03:50:12.7755135Z", "buy_child_order_acceptance_id": "JRF20210305-034945-002277", "sell_child_order_acceptance_id": "JRF20210305-035012-130763"}, {"id": 2193106933, "side": "SELL", "price": 5095000.0, "size": 0.1, "exec_date": "2021-03-05T03:50:12.7755135Z", "buy_child_order_acceptance_id": "JRF20210305-035000-009714", "sell_child_order_acceptance_id": "JRF20210305-035012-130763"}, {"id": 2193106934, "side": "SELL", "price": 5095000.0, "size": 0.0024, "exec_date": "2021-03-05T03:50:12.7755135Z", "buy_child_order_acceptance_id": "JRF20210305-035005-013139", "sell_child_order_acceptance_id": "JRF20210305-035012-130763"}, {"id": 2193106935, "side": "SELL", "price": 5094592.0, "size": 0.06, "exec_date": "2021-03-05T03:50:12.7911449Z", "buy_child_order_acceptance_id": "JRF20210305-034946-092678", "sell_child_order_acceptance_id": "JRF20210305-035012-130763"}, {"id": 2193106936, "side": "SELL", "price": 5094477.0, "size": 0.06, "exec_date": "2021-03-05T03:50:12.7911449Z", "buy_child_order_acceptance_id": "JRF20210305-034957-012422", "sell_child_order_acceptance_id": "JRF20210305-035012-130763"}, {"id": 2193106937, "side": "SELL", "price": 5094436.0, "size": 0.06, "exec_date": "2021-03-05T03:50:12.7911449Z", "buy_child_order_acceptance_id": "JRF20210305-034948-131570", "sell_child_order_acceptance_id": "JRF20210305-035012-130763"}, {"id": 2193106938, "side": "SELL", "price": 5094312.0, "size": 0.0556, "exec_date": "2021-03-05T03:50:12.7911449Z", "buy_child_order_acceptance_id": "JRF20210305-034947-150134", "sell_child_order_acceptance_id": "JRF20210305-035012-130763"}]
[{"id": 2193106939, "side": "BUY", "price": 5095216.0, "size": 0.003979, "exec_date": "2021-03-05T03:50:16.8224913Z", "buy_child_order_acceptance_id": "JRF20210305-035016-031256", "sell_child_order_acceptance_id": "JRF20210305-035014-094982"}]
[{"id": 2193106940, "side": "SELL", "price": 5095000.0, "size": 0.0015, "exec_date": "2021-03-05T03:50:17.261261Z", "buy_child_order_acceptance_id": "JRF20210305-035016-002279", "sell_child_order_acceptance_id": "JRF20210305-035017-079330"}]
[{"id": 2193106941, "side": "SELL", "price": 5093803.0, "size": 0.0012, "exec_date": "2021-03-05T03:50:19.7133745Z", "buy_child_order_acceptance_id": "JRF20210305-034658-002259", "sell_child_order_acceptance_id": "JRF20210305-035019-152634"}]
[{"id": 2193106942, "side": "SELL", "price": 5093340.0, "size": 0.05, "exec_date": "2021-03-05T03:50:20.3865439Z", "buy_child_order_acceptance_id": "JRF20210305-035008-229000", "sell_child_order_acceptance_id": "JRF20210305-035020-004908"}]
[{"id": 2193106943, "side": "SELL", "price": 5093340.0, "size": 0.35, "exec_date": "2021-03-05T03:50:20.5584163Z", "buy_child_order_acceptance_id": "JRF20210305-035008-229000", "sell_child_order_acceptance_id": "JRF20210305-035020-137341"}]
[{"id": 2193106944, "side": "SELL", "price": 5093290.0, "size": 0.7, "exec_date": "2021-03-05T03:50:20.792479Z", "buy_child_order_acceptance_id": "JRF20210305-034737-228103", "sell_child_order_acceptance_id": "JRF20210305-035020-146192"}, {"id": 2193106945, "side": "SELL", "price": 5092586.0, "size": 0.001, "exec_date": "2021-03-05T03:50:20.792479Z", "buy_child_order_acceptance_id": "JRF20210305-034647-086440", "sell_child_order_acceptance_id": "JRF20210305-035020-146192"}, {"id": 2193106946, "side": "SELL", "price": 5092400.0, "size": 0.01, "exec_date": "2021-03-05T03:50:20.792479Z", "buy_child_order_acceptance_id": "JRF20210305-035017-229101", "sell_child_order_acceptance_id": "JRF20210305-035020-146192"}, {"id": 2193106947, "side": "SELL", "price": 5092387.0, "size": 0.131, "exec_date": "2021-03-05T03:50:20.792479Z", "buy_child_order_acceptance_id": "JRF20210305-035010-152616", "sell_child_order_acceptance_id": "JRF20210305-035020-146192"}]
[{"id": 2193106948, "side": "BUY", "price": 5093311.0, "size": 0.001, "exec_date": "2021-03-05T03:50:22.1373767Z", "buy_child_order_acceptance_id": "JRF20210305-035021-018968", "sell_child_order_acceptance_id": "JRF20210305-035021-134058"}]
[{"id": 2193106950, "side": "BUY", "price": 5093341.0, "size": 0.0078439, "exec_date": "2021-03-05T03:50:27.6493019Z", "buy_child_order_acceptance_id": "JRF20210305-035027-004910", "sell_child_order_acceptance_id": "JRF20210305-035027-148186"}]
[{"id": 2193106953, "side": "SELL", "price": 5091750.0, "size": 1.0, "exec_date": "2021-03-05T03:50:32.9000038Z", "buy_child_order_acceptance_id": "JRF20210305-034930-228802", "sell_child_order_acceptance_id": "JRF20210305-035032-129947"}]
[{"id": 2193106954, "side": "BUY", "price": 5091889.0, "size": 0.039, "exec_date": "2021-03-05T03:50:36.4879973Z", "buy_child_order_acceptance_id": "JRF20210305-035036-000742", "sell_child_order_acceptance_id": "JRF20210305-035035-137385"}]
[{"id": 2193106955, "side": "BUY", "price": 5091888.0, "size": 0.02, "exec_date": "2021-03-05T03:50:37.9933989Z", "buy_child_order_acceptance_id": "JRF20210305-035037-157165", "sell_child_order_acceptance_id": "JRF20210305-035036-129955"}, {"id": 2193106956, "side": "BUY", "price": 5091888.0, "size": 0.02, "exec_date": "2021-03-05T03:50:37.9933989Z", "buy_child_order_acceptance_id": "JRF20210305-035037-157165", "sell_child_order_acceptance_id": "JRF20210305-035036-134093"}]
[{"id": 2193106957, "side": "BUY", "price": 5092391.0, "size": 0.06367209, "exec_date": "2021-03-05T03:50:41.6040971Z", "buy_child_order_acceptance_id": "JRF20210305-035041-008274", "sell_child_order_acceptance_id": "JRF20210305-035040-131692"}, {"id": 2193106958, "side": "BUY", "price": 5092804.0, "size": 0.06182791, "exec_date": "2021-03-05T03:50:41.6040971Z", "buy_child_order_acceptance_id": "JRF20210305-035041-008274", "sell_child_order_acceptance_id": "JRF20210305-035041-130838"}]
[{"id": 2193106959, "side": "SELL", "price": 5091000.0, "size": 0.32, "exec_date": "2021-03-05T03:50:42.2669146Z", "buy_child_order_acceptance_id": "JRF20210305-034747-086444", "sell_child_order_acceptance_id": "JRF20210305-035042-138941"}]
[{"id": 2193106961, "side": "SELL", "price": 5090000.0, "size": 0.05, "exec_date": "2021-03-05T03:50:49.4794408Z", "buy_child_order_acceptance_id": "JRF20210305-034821-006260", "sell_child_order_acceptance_id": "JRF20210305-035049-068558"}, {"id": 2193106962, "side": "SELL", "price": 5090000.0, "size": 0.01, "exec_date": "2021-03-05T03:50:49.4794408Z", "buy_child_order_acceptance_id": "JRF20210305-034930-149257", "sell_child_order_acceptance_id": "JRF20210305-035049-068558"}]
[{"id": 2193106963, "side": "SELL", "price": 5090000.0, "size": 6.777e-05, "exec_date": "2021-03-05T03:50:49.4950714Z", "buy_child_order_acceptance_id": "JRF20210305-034930-149257", "sell_child_order_acceptance_id": "JRF20210305-035049-178703"}]
[{"id": 2193106964, "side": "SELL", "price": 5089803.0, "size": 0.04, "exec_date": "2021-03-05T03:50:49.5888075Z", "buy_child_order_acceptance_id": "JRF20210305-034623-018947", "sell_child_order_acceptance_id": "JRF20210305-035049-178704"}]
[{"id": 2193106967, "side": "BUY", "price": 5089802.0, "size": 0.002, "exec_date": "2021-03-05T03:50:50.0426581Z", "buy_child_order_acceptance_id": "JRF20210305-035049-091654", "sell_child_order_acceptance_id": "JRF20210305-035049-131719"}]
[{"id": 2193106968, "side": "SELL", "price": 5088064.0, "size": 0.001, "exec_date": "2021-03-05T03:50:50.0738878Z", "buy_child_order_acceptance_id": "JRF20210305-035044-107771", "sell_child_order_acceptance_id": "JRF20210305-034750-992081"}]
[{"id": 2193106969, "side": "BUY", "price": 5089802.0, "size": 0.00195, "exec_date": "2021-03-05T03:50:50.3394927Z", "buy_child_order_acceptance_id": "JRF20210305-035050-002284", "sell_child_order_acceptance_id": "JRF20210305-035049-131719"}]
[{"id": 2193106970, "side": "SELL", "price": 5088011.0, "size": 0.02, "exec_date": "2021-03-05T03:50:52.9817196Z", "buy_child_order_acceptance_id": "JRF20210305-035052-088710", "sell_child_order_acceptance_id": "JRF20210305-035052-012566"}]
[{"id": 2193106974, "side": "SELL", "price": 5087000.0, "size": 0.0112, "exec_date": "2021-03-05T03:50:53.8492525Z", "buy_child_order_acceptance_id": "JRF20210305-034159-012048", "sell_child_order_acceptance_id": "JRF20210305-035053-088716"}]
[{"id": 2193106975, "side": "SELL", "price": 5087000.0, "size": 0.0888, "exec_date": "2021-03-05T03:50:53.9824505Z", "buy_child_order_acceptance_id": "JRF20210305-034159-012048", "sell_child_order_acceptance_id": "JRF20210305-035053-088719"}]
[{"id": 2193106977, "side": "SELL", "price": 5085000.0, "size": 0.00672633, "exec_date": "2021-03-05T03:50:54.3262132Z", "buy_child_order_acceptance_id": "JRF20210305-033849-006198", "sell_child_order_acceptance_id": "JRF20210305-035054-074693"}]
[{"id": 2193106990, "side": "SELL", "price": 5085000.0, "size": 0.00101, "exec_date": "2021-03-05T03:50:59.5771908Z", "buy_child_order_acceptance_id": "JRF20210305-033849-006198", "sell_child_order_acceptance_id": "JRF20210305-035059-166088"}]
[{"id": 2193106991, "side": "SELL", "price": 5085000.0, "size": 0.00226367, "exec_date": "2021-03-05T03:51:02.1732055Z", "buy_child_order_acceptance_id": "JRF20210305-033849-006198", "sell_child_order_acceptance_id": "JRF20210305-035102-000744"}]
[{"id": 2193106993, "side": "BUY", "price": 5085000.0, "size": 0.49773633, "exec_date": "2021-03-05T03:51:02.7424203Z", "buy_child_order_acceptance_id": "JRF20210305-035102-105415", "sell_child_order_acceptance_id": "JRF20210305-035102-000744"}]
[{"id": 2193106996, "side": "BUY", "price": 5087410.0, "size": 0.02, "exec_date": "2021-03-05T03:51:03.9876271Z", "buy_child_order_acceptance_id": "JRF20210305-035103-152788", "sell_child_order_acceptance_id": "JRF20210305-035103-094150"}, {"id": 2193106997, "side": "BUY", "price": 5087411.0, "size": 0.02, "exec_date": "2021-03-05T03:51:03.9876271Z", "buy_child_order_acceptance_id": "JRF20210305-035103-152788", "sell_child_order_acceptance_id": "JRF20210305-035103-146332"}, {"id": 2193106998, "side": "BUY", "price": 5087411.0, "size": 0.0256, "exec_date": "2021-03-05T03:51:03.9876271Z", "buy_child_order_acceptance_id": "JRF20210305-035103-152788", "sell_child_order_acceptance_id": "JRF20210305-035103-134203"}, {"id": 2193106999, "side": "BUY", "price": 5087412.0, "size": 0.0544, "exec_date": "2021-03-05T03:51:03.9876271Z", "buy_child_order_acceptance_id": "JRF20210305-035103-152788", "sell_child_order_acceptance_id": "JRF20210305-035102-138021"}]
[{"id": 2193107005, "side": "BUY", "price": 5088011.0, "size": 0.0015, "exec_date": "2021-03-05T03:51:21.4504617Z", "buy_child_order_acceptance_id": "JRF20210305-035121-085357", "sell_child_order_acceptance_id": "JRF20210305-035053-094109"}]
[{"id": 2193107008, "side": "SELL", "price": 5088678.0, "size": 0.01, "exec_date": "2021-03-05T03:51:26.6256624Z", "buy_child_order_acceptance_id": "JRF20210305-035124-148359", "sell_child_order_acceptance_id": "JRF20210305-035126-230375"}]
